%YAML 1.1
%TAG !u! tag:unity3d.com,2011:
--- !u!95 &851424071454703884
Animator:
  serializedVersion: 3
  m_ObjectHideFlags: 0
  m_CorrespondingSourceObject: {fileID: 0}
  m_PrefabInstance: {fileID: 0}
  m_PrefabAsset: {fileID: 0}
  m_GameObject: {fileID: 1514486577892947658}
  m_Enabled: 1
  m_Avatar: {fileID: 0}
  m_Controller: {fileID: 9100000, guid: 92a190d647789bf42834deaf36b5a6f4, type: 2}
  m_CullingMode: 0
  m_UpdateMode: 2
  m_ApplyRootMotion: 0
  m_LinearVelocityBlending: 0
  m_WarningMessage: 
  m_HasTransformHierarchy: 1
  m_AllowConstantClipSamplingOptimization: 1
  m_KeepAnimatorControllerStateOnDisable: 0
--- !u!1 &2354944802403120590
GameObject:
  m_ObjectHideFlags: 0
  m_CorrespondingSourceObject: {fileID: 0}
  m_PrefabInstance: {fileID: 0}
  m_PrefabAsset: {fileID: 0}
  serializedVersion: 6
  m_Component:
  - component: {fileID: 3730947435375382647}
  - component: {fileID: 6997509053533969556}
  m_Layer: 0
  m_Name: ammo_rifle
  m_TagString: Untagged
  m_Icon: {fileID: 0}
  m_NavMeshLayer: 0
  m_StaticEditorFlags: 0
  m_IsActive: 1
--- !u!4 &3730947435375382647
Transform:
  m_ObjectHideFlags: 0
  m_CorrespondingSourceObject: {fileID: 0}
  m_PrefabInstance: {fileID: 0}
  m_PrefabAsset: {fileID: 0}
  m_GameObject: {fileID: 2354944802403120590}
  m_LocalRotation: {x: 0, y: 0, z: 0, w: 1}
  m_LocalPosition: {x: 0, y: 0, z: 0}
  m_LocalScale: {x: 1, y: 1, z: 1}
  m_Children:
  - {fileID: 6270499160454010290}
  - {fileID: 8145587108195220766}
  - {fileID: 1514486577367695438}
  - {fileID: 5603802331600463288}
  - {fileID: 6568890229163988809}
  m_Father: {fileID: 0}
  m_RootOrder: 0
  m_LocalEulerAnglesHint: {x: 0, y: 0, z: 0}
--- !u!95 &6997509053533969556
Animator:
  serializedVersion: 3
  m_ObjectHideFlags: 0
  m_CorrespondingSourceObject: {fileID: 0}
  m_PrefabInstance: {fileID: 0}
  m_PrefabAsset: {fileID: 0}
  m_GameObject: {fileID: 2354944802403120590}
  m_Enabled: 1
  m_Avatar: {fileID: 0}
  m_Controller: {fileID: 9100000, guid: e639c30cfb898fc4e94a75e7790570db, type: 2}
  m_CullingMode: 0
  m_UpdateMode: 0
  m_ApplyRootMotion: 0
  m_LinearVelocityBlending: 0
  m_WarningMessage: 
  m_HasTransformHierarchy: 1
  m_AllowConstantClipSamplingOptimization: 1
  m_KeepAnimatorControllerStateOnDisable: 0
--- !u!1 &5941726728897601037
GameObject:
  m_ObjectHideFlags: 0
  m_CorrespondingSourceObject: {fileID: 0}
  m_PrefabInstance: {fileID: 0}
  m_PrefabAsset: {fileID: 0}
  serializedVersion: 6
  m_Component:
  - component: {fileID: 6568890229163988809}
  - component: {fileID: 6723999143416696521}
  m_Layer: 0
  m_Name: PickupSound
  m_TagString: Untagged
  m_Icon: {fileID: 0}
  m_NavMeshLayer: 0
  m_StaticEditorFlags: 0
  m_IsActive: 1
--- !u!4 &6568890229163988809
Transform:
  m_ObjectHideFlags: 0
  m_CorrespondingSourceObject: {fileID: 0}
  m_PrefabInstance: {fileID: 0}
  m_PrefabAsset: {fileID: 0}
  m_GameObject: {fileID: 5941726728897601037}
  m_LocalRotation: {x: -0, y: -0, z: -0, w: 1}
  m_LocalPosition: {x: -0.24551883, y: 0.24651371, z: 0.04859158}
  m_LocalScale: {x: 1, y: 1, z: 1}
  m_Children: []
  m_Father: {fileID: 3730947435375382647}
  m_RootOrder: 4
  m_LocalEulerAnglesHint: {x: 0, y: 0, z: 0}
--- !u!82 &6723999143416696521
AudioSource:
  m_ObjectHideFlags: 0
  m_CorrespondingSourceObject: {fileID: 0}
  m_PrefabInstance: {fileID: 0}
  m_PrefabAsset: {fileID: 0}
  m_GameObject: {fileID: 5941726728897601037}
  m_Enabled: 1
  serializedVersion: 4
  OutputAudioMixerGroup: {fileID: 24300002, guid: 536e37b79e580aa418dafd201d56217e,
    type: 2}
  m_audioClip: {fileID: 8300000, guid: bd1aa57570d052e40a1dd649196f13e1, type: 3}
  m_PlayOnAwake: 0
  m_Volume: 0.6
  m_Pitch: 1
  Loop: 0
  Mute: 0
  Spatialize: 0
  SpatializePostEffects: 0
  Priority: 128
  DopplerLevel: 1
  MinDistance: 1
  MaxDistance: 500
  Pan2D: 0
  rolloffMode: 0
  BypassEffects: 0
  BypassListenerEffects: 0
  BypassReverbZones: 0
  rolloffCustomCurve:
    serializedVersion: 2
    m_Curve:
    - serializedVersion: 3
      time: 0
      value: 1
      inSlope: 0
      outSlope: 0
      tangentMode: 0
      weightedMode: 0
      inWeight: 0.33333334
      outWeight: 0.33333334
    - serializedVersion: 3
      time: 1
      value: 0
      inSlope: 0
      outSlope: 0
      tangentMode: 0
      weightedMode: 0
      inWeight: 0.33333334
      outWeight: 0.33333334
    m_PreInfinity: 2
    m_PostInfinity: 2
    m_RotationOrder: 4
  panLevelCustomCurve:
    serializedVersion: 2
    m_Curve:
    - serializedVersion: 3
      time: 0
      value: 0
      inSlope: 0
      outSlope: 0
      tangentMode: 0
      weightedMode: 0
      inWeight: 0.33333334
      outWeight: 0.33333334
    m_PreInfinity: 2
    m_PostInfinity: 2
    m_RotationOrder: 4
  spreadCustomCurve:
    serializedVersion: 2
    m_Curve:
    - serializedVersion: 3
      time: 0
      value: 0
      inSlope: 0
      outSlope: 0
      tangentMode: 0
      weightedMode: 0
      inWeight: 0.33333334
      outWeight: 0.33333334
    m_PreInfinity: 2
    m_PostInfinity: 2
    m_RotationOrder: 4
  reverbZoneMixCustomCurve:
    serializedVersion: 2
    m_Curve:
    - serializedVersion: 3
      time: 0
      value: 1
      inSlope: 0
      outSlope: 0
      tangentMode: 0
      weightedMode: 0
      inWeight: 0.33333334
      outWeight: 0.33333334
    m_PreInfinity: 2
    m_PostInfinity: 2
    m_RotationOrder: 4
--- !u!65 &1524233989230636616
BoxCollider:
  m_ObjectHideFlags: 0
  m_CorrespondingSourceObject: {fileID: 0}
  m_PrefabInstance: {fileID: 0}
  m_PrefabAsset: {fileID: 0}
  m_GameObject: {fileID: 6651422402054934280}
  m_Material: {fileID: 0}
  m_IsTrigger: 1
  m_Enabled: 1
  serializedVersion: 2
  m_Size: {x: 1, y: 1, z: 1}
  m_Center: {x: 0, y: 0, z: 0}
--- !u!114 &2088550396617615526
MonoBehaviour:
  m_ObjectHideFlags: 0
  m_CorrespondingSourceObject: {fileID: 0}
  m_PrefabInstance: {fileID: 0}
  m_PrefabAsset: {fileID: 0}
  m_GameObject: {fileID: 6651422402054934280}
  m_Enabled: 1
  m_EditorHideFlags: 0
  m_Script: {fileID: 11500000, guid: 10c4d91af3eb43c429fff9d5d7dae27b, type: 3}
  m_Name: 
  m_EditorClassIdentifier: 
  onEnter: {fileID: 0}
  interactName: Rifle Ammo [E]
  keyPress: 101
  item: Rifle Ammo
  AmmoType: 2
  AmmoCount: 15
  RPGTalkArea: {fileID: 934493527272720990}
--- !u!1001 &743585166959429020
PrefabInstance:
  m_ObjectHideFlags: 0
  serializedVersion: 2
  m_Modification:
    m_TransformParent: {fileID: 3730947435375382647}
    m_Modifications:
    - target: {fileID: 359046281551504237, guid: 1c58d9bc6d480ff4fb7fc8fa02f2eced,
        type: 3}
      propertyPath: m_IsActive
      value: 1
      objectReference: {fileID: 0}
    - target: {fileID: 425303104864906928, guid: 1c58d9bc6d480ff4fb7fc8fa02f2eced,
        type: 3}
      propertyPath: m_IsActive
      value: 1
      objectReference: {fileID: 0}
    - target: {fileID: 2257771543021258193, guid: 1c58d9bc6d480ff4fb7fc8fa02f2eced,
        type: 3}
      propertyPath: m_Name
      value: DialogueHolder
      objectReference: {fileID: 0}
    - target: {fileID: 2257771543021258194, guid: 1c58d9bc6d480ff4fb7fc8fa02f2eced,
        type: 3}
      propertyPath: m_RootOrder
      value: 2
      objectReference: {fileID: 0}
    - target: {fileID: 2257771543021258194, guid: 1c58d9bc6d480ff4fb7fc8fa02f2eced,
        type: 3}
      propertyPath: m_LocalPosition.x
      value: 0
      objectReference: {fileID: 0}
    - target: {fileID: 2257771543021258194, guid: 1c58d9bc6d480ff4fb7fc8fa02f2eced,
        type: 3}
      propertyPath: m_LocalPosition.y
      value: 0
      objectReference: {fileID: 0}
    - target: {fileID: 2257771543021258194, guid: 1c58d9bc6d480ff4fb7fc8fa02f2eced,
        type: 3}
      propertyPath: m_LocalPosition.z
      value: 0
      objectReference: {fileID: 0}
    - target: {fileID: 2257771543021258194, guid: 1c58d9bc6d480ff4fb7fc8fa02f2eced,
        type: 3}
      propertyPath: m_LocalRotation.w
      value: 1
      objectReference: {fileID: 0}
    - target: {fileID: 2257771543021258194, guid: 1c58d9bc6d480ff4fb7fc8fa02f2eced,
        type: 3}
      propertyPath: m_LocalRotation.x
      value: 0
      objectReference: {fileID: 0}
    - target: {fileID: 2257771543021258194, guid: 1c58d9bc6d480ff4fb7fc8fa02f2eced,
        type: 3}
      propertyPath: m_LocalRotation.y
      value: 0
      objectReference: {fileID: 0}
    - target: {fileID: 2257771543021258194, guid: 1c58d9bc6d480ff4fb7fc8fa02f2eced,
        type: 3}
      propertyPath: m_LocalRotation.z
      value: 0
      objectReference: {fileID: 0}
    - target: {fileID: 2257771543021258194, guid: 1c58d9bc6d480ff4fb7fc8fa02f2eced,
        type: 3}
      propertyPath: m_LocalEulerAnglesHint.x
      value: 0
      objectReference: {fileID: 0}
    - target: {fileID: 2257771543021258194, guid: 1c58d9bc6d480ff4fb7fc8fa02f2eced,
        type: 3}
      propertyPath: m_LocalEulerAnglesHint.y
      value: 0
      objectReference: {fileID: 0}
    - target: {fileID: 2257771543021258194, guid: 1c58d9bc6d480ff4fb7fc8fa02f2eced,
        type: 3}
      propertyPath: m_LocalEulerAnglesHint.z
      value: 0
      objectReference: {fileID: 0}
    - target: {fileID: 2257771543021258195, guid: 1c58d9bc6d480ff4fb7fc8fa02f2eced,
        type: 3}
      propertyPath: textSpeed
      value: 100
      objectReference: {fileID: 0}
    - target: {fileID: 2257771543266152536, guid: 1c58d9bc6d480ff4fb7fc8fa02f2eced,
        type: 3}
      propertyPath: m_Text
      value: You added <color=yellow>handgun ammo</color> to your inventory.
      objectReference: {fileID: 0}
    - target: {fileID: 2257771543266152536, guid: 1c58d9bc6d480ff4fb7fc8fa02f2eced,
        type: 3}
      propertyPath: m_FontData.m_Alignment
      value: 1
      objectReference: {fileID: 0}
    - target: {fileID: 2257771543266152537, guid: 1c58d9bc6d480ff4fb7fc8fa02f2eced,
        type: 3}
      propertyPath: m_SizeDelta.x
      value: 580.0001
      objectReference: {fileID: 0}
    - target: {fileID: 2257771543266152537, guid: 1c58d9bc6d480ff4fb7fc8fa02f2eced,
        type: 3}
      propertyPath: m_SizeDelta.y
      value: 72.44286
      objectReference: {fileID: 0}
    - target: {fileID: 2257771543266152537, guid: 1c58d9bc6d480ff4fb7fc8fa02f2eced,
        type: 3}
      propertyPath: m_AnchoredPosition.x
      value: -0.0000047893
      objectReference: {fileID: 0}
    - target: {fileID: 2257771543266152537, guid: 1c58d9bc6d480ff4fb7fc8fa02f2eced,
        type: 3}
      propertyPath: m_AnchoredPosition.y
      value: 55.8
      objectReference: {fileID: 0}
    - target: {fileID: 2257771543540675414, guid: 1c58d9bc6d480ff4fb7fc8fa02f2eced,
        type: 3}
      propertyPath: m_IsActive
      value: 1
      objectReference: {fileID: 0}
    - target: {fileID: 2257771543540675416, guid: 1c58d9bc6d480ff4fb7fc8fa02f2eced,
        type: 3}
      propertyPath: m_Type
      value: 0
      objectReference: {fileID: 0}
    - target: {fileID: 2257771543540675416, guid: 1c58d9bc6d480ff4fb7fc8fa02f2eced,
        type: 3}
      propertyPath: m_Sprite
      value: 
      objectReference: {fileID: 3553491664904770720, guid: 6da0b55976b7b3b4a8798eb08461caae,
        type: 3}
    - target: {fileID: 2257771543540675416, guid: 1c58d9bc6d480ff4fb7fc8fa02f2eced,
        type: 3}
      propertyPath: m_Color.b
      value: 1
      objectReference: {fileID: 0}
    - target: {fileID: 2257771543540675416, guid: 1c58d9bc6d480ff4fb7fc8fa02f2eced,
        type: 3}
      propertyPath: m_Color.g
      value: 1
      objectReference: {fileID: 0}
    - target: {fileID: 2257771543540675416, guid: 1c58d9bc6d480ff4fb7fc8fa02f2eced,
        type: 3}
      propertyPath: m_Color.r
      value: 1
      objectReference: {fileID: 0}
    - target: {fileID: 2257771543540675416, guid: 1c58d9bc6d480ff4fb7fc8fa02f2eced,
        type: 3}
      propertyPath: m_PreserveAspect
      value: 1
      objectReference: {fileID: 0}
    - target: {fileID: 2257771543540675417, guid: 1c58d9bc6d480ff4fb7fc8fa02f2eced,
        type: 3}
      propertyPath: m_AnchorMax.x
      value: 0.5
      objectReference: {fileID: 0}
    - target: {fileID: 2257771543540675417, guid: 1c58d9bc6d480ff4fb7fc8fa02f2eced,
        type: 3}
      propertyPath: m_AnchorMax.y
      value: 0.5
      objectReference: {fileID: 0}
    - target: {fileID: 2257771543540675417, guid: 1c58d9bc6d480ff4fb7fc8fa02f2eced,
        type: 3}
      propertyPath: m_AnchorMin.x
      value: 0.5
      objectReference: {fileID: 0}
    - target: {fileID: 2257771543540675417, guid: 1c58d9bc6d480ff4fb7fc8fa02f2eced,
        type: 3}
      propertyPath: m_AnchorMin.y
      value: 0.5
      objectReference: {fileID: 0}
    - target: {fileID: 2257771543540675417, guid: 1c58d9bc6d480ff4fb7fc8fa02f2eced,
        type: 3}
      propertyPath: m_SizeDelta.x
      value: 128.06253
      objectReference: {fileID: 0}
    - target: {fileID: 2257771543540675417, guid: 1c58d9bc6d480ff4fb7fc8fa02f2eced,
        type: 3}
      propertyPath: m_SizeDelta.y
      value: 128.06253
      objectReference: {fileID: 0}
    - target: {fileID: 2257771543540675417, guid: 1c58d9bc6d480ff4fb7fc8fa02f2eced,
        type: 3}
      propertyPath: m_LocalScale.x
      value: 1
      objectReference: {fileID: 0}
    - target: {fileID: 2257771543540675417, guid: 1c58d9bc6d480ff4fb7fc8fa02f2eced,
        type: 3}
      propertyPath: m_LocalScale.y
      value: 1
      objectReference: {fileID: 0}
    - target: {fileID: 2257771543540675417, guid: 1c58d9bc6d480ff4fb7fc8fa02f2eced,
        type: 3}
      propertyPath: m_LocalScale.z
      value: 1
      objectReference: {fileID: 0}
    - target: {fileID: 2257771543540675417, guid: 1c58d9bc6d480ff4fb7fc8fa02f2eced,
        type: 3}
      propertyPath: m_AnchoredPosition.x
      value: 0
      objectReference: {fileID: 0}
    - target: {fileID: 2257771543540675417, guid: 1c58d9bc6d480ff4fb7fc8fa02f2eced,
        type: 3}
      propertyPath: m_AnchoredPosition.y
      value: 32
      objectReference: {fileID: 0}
    - target: {fileID: 2257771543563994257, guid: 1c58d9bc6d480ff4fb7fc8fa02f2eced,
        type: 3}
      propertyPath: m_IsActive
      value: 1
      objectReference: {fileID: 0}
    - target: {fileID: 2257771543563994258, guid: 1c58d9bc6d480ff4fb7fc8fa02f2eced,
        type: 3}
      propertyPath: m_Sprite
      value: 
      objectReference: {fileID: 21300000, guid: 276a6277fb5ce2c4fa3924f822edcfc9,
        type: 3}
    - target: {fileID: 2257771543563994258, guid: 1c58d9bc6d480ff4fb7fc8fa02f2eced,
        type: 3}
      propertyPath: m_Enabled
      value: 0
      objectReference: {fileID: 0}
    - target: {fileID: 2257771543563994259, guid: 1c58d9bc6d480ff4fb7fc8fa02f2eced,
        type: 3}
      propertyPath: m_Controller
      value: 
      objectReference: {fileID: 0}
    - target: {fileID: 2257771544116163710, guid: 1c58d9bc6d480ff4fb7fc8fa02f2eced,
        type: 3}
      propertyPath: m_LocalPosition.z
      value: 0
      objectReference: {fileID: 0}
    - target: {fileID: 2257771544206264674, guid: 1c58d9bc6d480ff4fb7fc8fa02f2eced,
        type: 3}
      propertyPath: m_Enabled
      value: 1
      objectReference: {fileID: 0}
    - target: {fileID: 2257771544206264675, guid: 1c58d9bc6d480ff4fb7fc8fa02f2eced,
        type: 3}
      propertyPath: m_SizeDelta.y
      value: 166.71352
      objectReference: {fileID: 0}
    - target: {fileID: 2257771544206264675, guid: 1c58d9bc6d480ff4fb7fc8fa02f2eced,
        type: 3}
      propertyPath: m_AnchoredPosition.y
      value: 240
      objectReference: {fileID: 0}
    - target: {fileID: 2257771544621212000, guid: 1c58d9bc6d480ff4fb7fc8fa02f2eced,
        type: 3}
      propertyPath: m_IsActive
      value: 0
      objectReference: {fileID: 0}
    - target: {fileID: 2257771544621212002, guid: 1c58d9bc6d480ff4fb7fc8fa02f2eced,
        type: 3}
      propertyPath: m_Enabled
      value: 1
      objectReference: {fileID: 0}
    - target: {fileID: 2257771544621212003, guid: 1c58d9bc6d480ff4fb7fc8fa02f2eced,
        type: 3}
      propertyPath: m_Controller
      value: 
      objectReference: {fileID: 0}
    - target: {fileID: 2257771544621212004, guid: 1c58d9bc6d480ff4fb7fc8fa02f2eced,
        type: 3}
      propertyPath: m_SizeDelta.x
      value: 115
      objectReference: {fileID: 0}
    - target: {fileID: 2257771544621212004, guid: 1c58d9bc6d480ff4fb7fc8fa02f2eced,
        type: 3}
      propertyPath: m_SizeDelta.y
      value: 150
      objectReference: {fileID: 0}
    - target: {fileID: 2257771544621212004, guid: 1c58d9bc6d480ff4fb7fc8fa02f2eced,
        type: 3}
      propertyPath: m_AnchoredPosition.x
      value: 0
      objectReference: {fileID: 0}
    - target: {fileID: 2257771544621212004, guid: 1c58d9bc6d480ff4fb7fc8fa02f2eced,
        type: 3}
      propertyPath: m_AnchoredPosition.y
      value: 35.9
      objectReference: {fileID: 0}
    - target: {fileID: 6464691492787697431, guid: 1c58d9bc6d480ff4fb7fc8fa02f2eced,
        type: 3}
      propertyPath: m_Color.a
      value: 1
      objectReference: {fileID: 0}
    - target: {fileID: 7670870176598594790, guid: 1c58d9bc6d480ff4fb7fc8fa02f2eced,
        type: 3}
      propertyPath: m_SizeDelta.y
      value: 457.05603
      objectReference: {fileID: 0}
    - target: {fileID: 7670870176598594790, guid: 1c58d9bc6d480ff4fb7fc8fa02f2eced,
        type: 3}
      propertyPath: m_AnchoredPosition.x
      value: 0
      objectReference: {fileID: 0}
    - target: {fileID: 7670870176598594790, guid: 1c58d9bc6d480ff4fb7fc8fa02f2eced,
        type: 3}
      propertyPath: m_AnchoredPosition.y
      value: -0.94999695
      objectReference: {fileID: 0}
    - target: {fileID: 8059344674883693499, guid: 1c58d9bc6d480ff4fb7fc8fa02f2eced,
        type: 3}
      propertyPath: m_SizeDelta.y
      value: 166.7135
      objectReference: {fileID: 0}
    - target: {fileID: 8059344674883693499, guid: 1c58d9bc6d480ff4fb7fc8fa02f2eced,
        type: 3}
      propertyPath: m_AnchoredPosition.x
      value: -0.000010599
      objectReference: {fileID: 0}
    - target: {fileID: 8059344674883693499, guid: 1c58d9bc6d480ff4fb7fc8fa02f2eced,
        type: 3}
      propertyPath: m_AnchoredPosition.y
      value: 0.00001955
      objectReference: {fileID: 0}
    m_RemovedComponents:
    - {fileID: 2257771543563994259, guid: 1c58d9bc6d480ff4fb7fc8fa02f2eced, type: 3}
  m_SourcePrefab: {fileID: 100100000, guid: 1c58d9bc6d480ff4fb7fc8fa02f2eced, type: 3}
--- !u!4 &1514486577367695438 stripped
Transform:
  m_CorrespondingSourceObject: {fileID: 2257771543021258194, guid: 1c58d9bc6d480ff4fb7fc8fa02f2eced,
    type: 3}
  m_PrefabInstance: {fileID: 743585166959429020}
  m_PrefabAsset: {fileID: 0}
--- !u!114 &1514486577367695439 stripped
MonoBehaviour:
  m_CorrespondingSourceObject: {fileID: 2257771543021258195, guid: 1c58d9bc6d480ff4fb7fc8fa02f2eced,
    type: 3}
  m_PrefabInstance: {fileID: 743585166959429020}
  m_PrefabAsset: {fileID: 0}
  m_GameObject: {fileID: 0}
  m_Enabled: 1
  m_EditorHideFlags: 0
  m_Script: {fileID: 11500000, guid: 565fd263440bd45fa9ba0925c60f54f9, type: 3}
  m_Name: 
  m_EditorClassIdentifier: 
--- !u!1 &1514486577892947658 stripped
GameObject:
  m_CorrespondingSourceObject: {fileID: 2257771543540675414, guid: 1c58d9bc6d480ff4fb7fc8fa02f2eced,
    type: 3}
  m_PrefabInstance: {fileID: 743585166959429020}
  m_PrefabAsset: {fileID: 0}
--- !u!1001 &772016843319433157
PrefabInstance:
  m_ObjectHideFlags: 0
  serializedVersion: 2
  m_Modification:
    m_TransformParent: {fileID: 6270499160454010290}
    m_Modifications:
    - target: {fileID: 4317160709244778903, guid: d9a8905b734d9a74b8b9a17e926b712d,
        type: 3}
      propertyPath: m_RootOrder
      value: 1
      objectReference: {fileID: 0}
    - target: {fileID: 4317160709244778903, guid: d9a8905b734d9a74b8b9a17e926b712d,
        type: 3}
      propertyPath: m_LocalPosition.x
      value: 0
      objectReference: {fileID: 0}
    - target: {fileID: 4317160709244778903, guid: d9a8905b734d9a74b8b9a17e926b712d,
        type: 3}
      propertyPath: m_LocalPosition.y
      value: 0.118
      objectReference: {fileID: 0}
    - target: {fileID: 4317160709244778903, guid: d9a8905b734d9a74b8b9a17e926b712d,
        type: 3}
      propertyPath: m_LocalPosition.z
      value: 0
      objectReference: {fileID: 0}
    - target: {fileID: 4317160709244778903, guid: d9a8905b734d9a74b8b9a17e926b712d,
        type: 3}
      propertyPath: m_LocalRotation.w
      value: 1
      objectReference: {fileID: 0}
    - target: {fileID: 4317160709244778903, guid: d9a8905b734d9a74b8b9a17e926b712d,
        type: 3}
      propertyPath: m_LocalRotation.x
      value: -0
      objectReference: {fileID: 0}
    - target: {fileID: 4317160709244778903, guid: d9a8905b734d9a74b8b9a17e926b712d,
        type: 3}
      propertyPath: m_LocalRotation.y
      value: -0
      objectReference: {fileID: 0}
    - target: {fileID: 4317160709244778903, guid: d9a8905b734d9a74b8b9a17e926b712d,
        type: 3}
      propertyPath: m_LocalRotation.z
      value: -0
      objectReference: {fileID: 0}
    - target: {fileID: 4317160709244778903, guid: d9a8905b734d9a74b8b9a17e926b712d,
        type: 3}
      propertyPath: m_LocalEulerAnglesHint.x
      value: 0
      objectReference: {fileID: 0}
    - target: {fileID: 4317160709244778903, guid: d9a8905b734d9a74b8b9a17e926b712d,
        type: 3}
      propertyPath: m_LocalEulerAnglesHint.y
      value: 0
      objectReference: {fileID: 0}
    - target: {fileID: 4317160709244778903, guid: d9a8905b734d9a74b8b9a17e926b712d,
        type: 3}
      propertyPath: m_LocalEulerAnglesHint.z
      value: 0
      objectReference: {fileID: 0}
    - target: {fileID: 4555890240259929010, guid: d9a8905b734d9a74b8b9a17e926b712d,
        type: 3}
      propertyPath: m_Name
      value: InteractionArrowPickup
      objectReference: {fileID: 0}
    m_RemovedComponents: []
  m_SourcePrefab: {fileID: 100100000, guid: d9a8905b734d9a74b8b9a17e926b712d, type: 3}
--- !u!1001 &3456875751105771007
PrefabInstance:
  m_ObjectHideFlags: 0
  serializedVersion: 2
  m_Modification:
    m_TransformParent: {fileID: 3730947435375382647}
    m_Modifications:
    - target: {fileID: 2526157408303857569, guid: 539c67fe423edde4bb5dff4fcde12253,
        type: 3}
      propertyPath: txtToParse
      value: 
      objectReference: {fileID: 4900000, guid: 8a50524430d0fab49bad2c66314aadce, type: 3}
    - target: {fileID: 2526157408303857569, guid: 539c67fe423edde4bb5dff4fcde12253,
        type: 3}
      propertyPath: lineToBreak
      value: 12
      objectReference: {fileID: 0}
    - target: {fileID: 2526157408303857569, guid: 539c67fe423edde4bb5dff4fcde12253,
        type: 3}
      propertyPath: lineToStart
      value: 12
      objectReference: {fileID: 0}
    - target: {fileID: 2526157408303857569, guid: 539c67fe423edde4bb5dff4fcde12253,
        type: 3}
      propertyPath: rpgtalkTarget
      value: 
      objectReference: {fileID: 1514486577367695439}
    - target: {fileID: 2526157408303857569, guid: 539c67fe423edde4bb5dff4fcde12253,
        type: 3}
      propertyPath: showWhenInteractionIsPossible.Array.data[0]
      value: 
      objectReference: {fileID: 5603802331600463292}
    - target: {fileID: 2526157408303857569, guid: 539c67fe423edde4bb5dff4fcde12253,
        type: 3}
      propertyPath: callbackBeforeTalk.m_PersistentCalls.m_Calls.Array.size
      value: 1
      objectReference: {fileID: 0}
    - target: {fileID: 2526157408303857569, guid: 539c67fe423edde4bb5dff4fcde12253,
        type: 3}
      propertyPath: callbackBeforeTalk.m_PersistentCalls.m_Calls.Array.data[0].m_Mode
      value: 1
      objectReference: {fileID: 0}
    - target: {fileID: 2526157408303857569, guid: 539c67fe423edde4bb5dff4fcde12253,
        type: 3}
      propertyPath: callbackBeforeTalk.m_PersistentCalls.m_Calls.Array.data[0].m_Target
      value: 
      objectReference: {fileID: 6723999143416696521}
    - target: {fileID: 2526157408303857569, guid: 539c67fe423edde4bb5dff4fcde12253,
        type: 3}
      propertyPath: callbackBeforeTalk.m_PersistentCalls.m_Calls.Array.data[0].m_CallState
      value: 2
      objectReference: {fileID: 0}
    - target: {fileID: 2526157408303857569, guid: 539c67fe423edde4bb5dff4fcde12253,
        type: 3}
      propertyPath: callbackBeforeTalk.m_PersistentCalls.m_Calls.Array.data[0].m_MethodName
      value: Play
      objectReference: {fileID: 0}
    - target: {fileID: 2526157408303857569, guid: 539c67fe423edde4bb5dff4fcde12253,
        type: 3}
      propertyPath: callbackBeforeTalk.m_PersistentCalls.m_Calls.Array.data[0].m_Arguments.m_ObjectArgumentAssemblyTypeName
      value: UnityEngine.Object, UnityEngine
      objectReference: {fileID: 0}
    - target: {fileID: 3546897107960130560, guid: 539c67fe423edde4bb5dff4fcde12253,
        type: 3}
      propertyPath: m_Name
      value: Inspect
      objectReference: {fileID: 0}
    - target: {fileID: 3546897107960130560, guid: 539c67fe423edde4bb5dff4fcde12253,
        type: 3}
      propertyPath: m_IsActive
      value: 1
      objectReference: {fileID: 0}
    - target: {fileID: 5400400303731364019, guid: 539c67fe423edde4bb5dff4fcde12253,
        type: 3}
      propertyPath: m_Size.x
      value: 1
      objectReference: {fileID: 0}
    - target: {fileID: 5400400303731364019, guid: 539c67fe423edde4bb5dff4fcde12253,
        type: 3}
      propertyPath: m_Size.y
      value: 1
      objectReference: {fileID: 0}
    - target: {fileID: 5400400303731364019, guid: 539c67fe423edde4bb5dff4fcde12253,
        type: 3}
      propertyPath: m_Size.z
      value: 1
      objectReference: {fileID: 0}
    - target: {fileID: 5400400303731364019, guid: 539c67fe423edde4bb5dff4fcde12253,
        type: 3}
      propertyPath: m_Enabled
      value: 0
      objectReference: {fileID: 0}
    - target: {fileID: 5400400303731364019, guid: 539c67fe423edde4bb5dff4fcde12253,
        type: 3}
      propertyPath: m_Center.x
      value: 0
      objectReference: {fileID: 0}
    - target: {fileID: 5400400303731364019, guid: 539c67fe423edde4bb5dff4fcde12253,
        type: 3}
      propertyPath: m_Center.y
      value: 0
      objectReference: {fileID: 0}
    - target: {fileID: 5400400303731364019, guid: 539c67fe423edde4bb5dff4fcde12253,
        type: 3}
      propertyPath: m_Center.z
      value: 0
      objectReference: {fileID: 0}
    - target: {fileID: 5400400303731364019, guid: 539c67fe423edde4bb5dff4fcde12253,
        type: 3}
      propertyPath: m_IsTrigger
      value: 0
      objectReference: {fileID: 0}
    - target: {fileID: 6842017315671247073, guid: 539c67fe423edde4bb5dff4fcde12253,
        type: 3}
      propertyPath: m_RootOrder
      value: 1
      objectReference: {fileID: 0}
    - target: {fileID: 6842017315671247073, guid: 539c67fe423edde4bb5dff4fcde12253,
        type: 3}
      propertyPath: m_LocalScale.x
      value: 1
      objectReference: {fileID: 0}
    - target: {fileID: 6842017315671247073, guid: 539c67fe423edde4bb5dff4fcde12253,
        type: 3}
      propertyPath: m_LocalScale.y
      value: 1
      objectReference: {fileID: 0}
    - target: {fileID: 6842017315671247073, guid: 539c67fe423edde4bb5dff4fcde12253,
        type: 3}
      propertyPath: m_LocalScale.z
      value: 1
      objectReference: {fileID: 0}
    - target: {fileID: 6842017315671247073, guid: 539c67fe423edde4bb5dff4fcde12253,
        type: 3}
      propertyPath: m_LocalPosition.x
      value: 0
      objectReference: {fileID: 0}
    - target: {fileID: 6842017315671247073, guid: 539c67fe423edde4bb5dff4fcde12253,
        type: 3}
      propertyPath: m_LocalPosition.y
      value: 0
      objectReference: {fileID: 0}
    - target: {fileID: 6842017315671247073, guid: 539c67fe423edde4bb5dff4fcde12253,
        type: 3}
      propertyPath: m_LocalPosition.z
      value: 0
      objectReference: {fileID: 0}
    - target: {fileID: 6842017315671247073, guid: 539c67fe423edde4bb5dff4fcde12253,
        type: 3}
      propertyPath: m_LocalRotation.w
      value: 1
      objectReference: {fileID: 0}
    - target: {fileID: 6842017315671247073, guid: 539c67fe423edde4bb5dff4fcde12253,
        type: 3}
      propertyPath: m_LocalRotation.x
      value: 0
      objectReference: {fileID: 0}
    - target: {fileID: 6842017315671247073, guid: 539c67fe423edde4bb5dff4fcde12253,
        type: 3}
      propertyPath: m_LocalRotation.y
      value: 0
      objectReference: {fileID: 0}
    - target: {fileID: 6842017315671247073, guid: 539c67fe423edde4bb5dff4fcde12253,
        type: 3}
      propertyPath: m_LocalRotation.z
      value: 0
      objectReference: {fileID: 0}
    - target: {fileID: 6842017315671247073, guid: 539c67fe423edde4bb5dff4fcde12253,
        type: 3}
      propertyPath: m_LocalEulerAnglesHint.x
      value: 0
      objectReference: {fileID: 0}
    - target: {fileID: 6842017315671247073, guid: 539c67fe423edde4bb5dff4fcde12253,
        type: 3}
      propertyPath: m_LocalEulerAnglesHint.y
      value: 0
      objectReference: {fileID: 0}
    - target: {fileID: 6842017315671247073, guid: 539c67fe423edde4bb5dff4fcde12253,
        type: 3}
      propertyPath: m_LocalEulerAnglesHint.z
      value: 0
      objectReference: {fileID: 0}
    m_RemovedComponents: []
  m_SourcePrefab: {fileID: 100100000, guid: 539c67fe423edde4bb5dff4fcde12253, type: 3}
--- !u!4 &8145587108195220766 stripped
Transform:
  m_CorrespondingSourceObject: {fileID: 6842017315671247073, guid: 539c67fe423edde4bb5dff4fcde12253,
    type: 3}
  m_PrefabInstance: {fileID: 3456875751105771007}
  m_PrefabAsset: {fileID: 0}
--- !u!114 &934493527272720990 stripped
MonoBehaviour:
  m_CorrespondingSourceObject: {fileID: 2526157408303857569, guid: 539c67fe423edde4bb5dff4fcde12253,
    type: 3}
  m_PrefabInstance: {fileID: 3456875751105771007}
  m_PrefabAsset: {fileID: 0}
  m_GameObject: {fileID: 0}
  m_Enabled: 1
  m_EditorHideFlags: 0
  m_Script: {fileID: 11500000, guid: 0af02b5d7648a4e8492f3b9fc160319d, type: 3}
  m_Name: 
  m_EditorClassIdentifier: 
--- !u!1001 &5805123147590169177
PrefabInstance:
  m_ObjectHideFlags: 0
  serializedVersion: 2
  m_Modification:
    m_TransformParent: {fileID: 3730947435375382647}
    m_Modifications:
    - target: {fileID: -8679921383154817045, guid: 3f1ce72504b85c24eaaa39d1ba36725e,
        type: 3}
      propertyPath: m_RootOrder
      value: 0
      objectReference: {fileID: 0}
    - target: {fileID: -8679921383154817045, guid: 3f1ce72504b85c24eaaa39d1ba36725e,
        type: 3}
      propertyPath: m_LocalPosition.x
      value: 0
      objectReference: {fileID: 0}
    - target: {fileID: -8679921383154817045, guid: 3f1ce72504b85c24eaaa39d1ba36725e,
        type: 3}
      propertyPath: m_LocalPosition.y
      value: 0
      objectReference: {fileID: 0}
    - target: {fileID: -8679921383154817045, guid: 3f1ce72504b85c24eaaa39d1ba36725e,
        type: 3}
      propertyPath: m_LocalPosition.z
      value: 0
      objectReference: {fileID: 0}
    - target: {fileID: -8679921383154817045, guid: 3f1ce72504b85c24eaaa39d1ba36725e,
        type: 3}
      propertyPath: m_LocalRotation.w
      value: 1
      objectReference: {fileID: 0}
    - target: {fileID: -8679921383154817045, guid: 3f1ce72504b85c24eaaa39d1ba36725e,
        type: 3}
      propertyPath: m_LocalRotation.x
      value: -0
      objectReference: {fileID: 0}
    - target: {fileID: -8679921383154817045, guid: 3f1ce72504b85c24eaaa39d1ba36725e,
        type: 3}
      propertyPath: m_LocalRotation.y
      value: -0
      objectReference: {fileID: 0}
    - target: {fileID: -8679921383154817045, guid: 3f1ce72504b85c24eaaa39d1ba36725e,
        type: 3}
      propertyPath: m_LocalRotation.z
      value: -0
      objectReference: {fileID: 0}
    - target: {fileID: -8679921383154817045, guid: 3f1ce72504b85c24eaaa39d1ba36725e,
        type: 3}
      propertyPath: m_LocalEulerAnglesHint.x
      value: 0
      objectReference: {fileID: 0}
    - target: {fileID: -8679921383154817045, guid: 3f1ce72504b85c24eaaa39d1ba36725e,
        type: 3}
      propertyPath: m_LocalEulerAnglesHint.y
      value: 0
      objectReference: {fileID: 0}
    - target: {fileID: -8679921383154817045, guid: 3f1ce72504b85c24eaaa39d1ba36725e,
        type: 3}
      propertyPath: m_LocalEulerAnglesHint.z
      value: 0
      objectReference: {fileID: 0}
    - target: {fileID: -3301437531854826066, guid: 3f1ce72504b85c24eaaa39d1ba36725e,
        type: 3}
      propertyPath: m_LocalScale.x
      value: 1.2721
      objectReference: {fileID: 0}
    - target: {fileID: -3301437531854826066, guid: 3f1ce72504b85c24eaaa39d1ba36725e,
        type: 3}
      propertyPath: m_LocalScale.y
      value: 1.2721
      objectReference: {fileID: 0}
    - target: {fileID: -3301437531854826066, guid: 3f1ce72504b85c24eaaa39d1ba36725e,
        type: 3}
      propertyPath: m_LocalScale.z
      value: 1.2721
      objectReference: {fileID: 0}
    - target: {fileID: -1435564182471655268, guid: 3f1ce72504b85c24eaaa39d1ba36725e,
        type: 3}
      propertyPath: m_Materials.Array.data[0]
      value: 
      objectReference: {fileID: 2100000, guid: e503ca07134c600489c508a18ef3cc30, type: 2}
    - target: {fileID: 919132149155446097, guid: 3f1ce72504b85c24eaaa39d1ba36725e,
        type: 3}
      propertyPath: m_Name
      value: ammo_rifle
      objectReference: {fileID: 0}
    - target: {fileID: 919132149155446097, guid: 3f1ce72504b85c24eaaa39d1ba36725e,
        type: 3}
      propertyPath: m_Layer
      value: 2
      objectReference: {fileID: 0}
    m_RemovedComponents: []
  m_SourcePrefab: {fileID: 100100000, guid: 3f1ce72504b85c24eaaa39d1ba36725e, type: 3}
--- !u!1 &6651422402054934280 stripped
GameObject:
  m_CorrespondingSourceObject: {fileID: 919132149155446097, guid: 3f1ce72504b85c24eaaa39d1ba36725e,
    type: 3}
  m_PrefabInstance: {fileID: 5805123147590169177}
  m_PrefabAsset: {fileID: 0}
--- !u!4 &6270499160454010290 stripped
Transform:
  m_CorrespondingSourceObject: {fileID: -8679921383154817045, guid: 3f1ce72504b85c24eaaa39d1ba36725e,
    type: 3}
  m_PrefabInstance: {fileID: 5805123147590169177}
  m_PrefabAsset: {fileID: 0}
--- !u!1001 &7894905337580714771
PrefabInstance:
  m_ObjectHideFlags: 0
  serializedVersion: 2
  m_Modification:
    m_TransformParent: {fileID: 3730947435375382647}
    m_Modifications:
    - target: {fileID: 2329735485256654507, guid: 3e36012c55d7c894395fcf5f1b4cc57a,
        type: 3}
      propertyPath: m_Pivot.x
      value: 0
      objectReference: {fileID: 0}
    - target: {fileID: 2329735485256654507, guid: 3e36012c55d7c894395fcf5f1b4cc57a,
        type: 3}
      propertyPath: m_Pivot.y
      value: 0
      objectReference: {fileID: 0}
    - target: {fileID: 2329735485256654507, guid: 3e36012c55d7c894395fcf5f1b4cc57a,
        type: 3}
      propertyPath: m_RootOrder
      value: 3
      objectReference: {fileID: 0}
    - target: {fileID: 2329735485256654507, guid: 3e36012c55d7c894395fcf5f1b4cc57a,
        type: 3}
      propertyPath: m_AnchorMax.x
      value: 0
      objectReference: {fileID: 0}
    - target: {fileID: 2329735485256654507, guid: 3e36012c55d7c894395fcf5f1b4cc57a,
        type: 3}
      propertyPath: m_AnchorMax.y
      value: 0
      objectReference: {fileID: 0}
    - target: {fileID: 2329735485256654507, guid: 3e36012c55d7c894395fcf5f1b4cc57a,
        type: 3}
      propertyPath: m_AnchorMin.x
      value: 0
      objectReference: {fileID: 0}
    - target: {fileID: 2329735485256654507, guid: 3e36012c55d7c894395fcf5f1b4cc57a,
        type: 3}
      propertyPath: m_AnchorMin.y
      value: 0
      objectReference: {fileID: 0}
    - target: {fileID: 2329735485256654507, guid: 3e36012c55d7c894395fcf5f1b4cc57a,
        type: 3}
      propertyPath: m_SizeDelta.x
      value: 0
      objectReference: {fileID: 0}
    - target: {fileID: 2329735485256654507, guid: 3e36012c55d7c894395fcf5f1b4cc57a,
        type: 3}
      propertyPath: m_SizeDelta.y
      value: 0
      objectReference: {fileID: 0}
    - target: {fileID: 2329735485256654507, guid: 3e36012c55d7c894395fcf5f1b4cc57a,
        type: 3}
      propertyPath: m_LocalPosition.x
      value: 0
      objectReference: {fileID: 0}
    - target: {fileID: 2329735485256654507, guid: 3e36012c55d7c894395fcf5f1b4cc57a,
        type: 3}
      propertyPath: m_LocalPosition.y
      value: 0
      objectReference: {fileID: 0}
    - target: {fileID: 2329735485256654507, guid: 3e36012c55d7c894395fcf5f1b4cc57a,
        type: 3}
      propertyPath: m_LocalPosition.z
      value: 0
      objectReference: {fileID: 0}
    - target: {fileID: 2329735485256654507, guid: 3e36012c55d7c894395fcf5f1b4cc57a,
        type: 3}
      propertyPath: m_LocalRotation.w
      value: 1
      objectReference: {fileID: 0}
    - target: {fileID: 2329735485256654507, guid: 3e36012c55d7c894395fcf5f1b4cc57a,
        type: 3}
      propertyPath: m_LocalRotation.x
      value: 0
      objectReference: {fileID: 0}
    - target: {fileID: 2329735485256654507, guid: 3e36012c55d7c894395fcf5f1b4cc57a,
        type: 3}
      propertyPath: m_LocalRotation.y
      value: 0
      objectReference: {fileID: 0}
    - target: {fileID: 2329735485256654507, guid: 3e36012c55d7c894395fcf5f1b4cc57a,
        type: 3}
      propertyPath: m_LocalRotation.z
      value: 0
      objectReference: {fileID: 0}
    - target: {fileID: 2329735485256654507, guid: 3e36012c55d7c894395fcf5f1b4cc57a,
        type: 3}
      propertyPath: m_AnchoredPosition.x
      value: 0
      objectReference: {fileID: 0}
    - target: {fileID: 2329735485256654507, guid: 3e36012c55d7c894395fcf5f1b4cc57a,
        type: 3}
      propertyPath: m_AnchoredPosition.y
      value: 0
      objectReference: {fileID: 0}
    - target: {fileID: 2329735485256654507, guid: 3e36012c55d7c894395fcf5f1b4cc57a,
        type: 3}
      propertyPath: m_LocalEulerAnglesHint.x
      value: 0
      objectReference: {fileID: 0}
    - target: {fileID: 2329735485256654507, guid: 3e36012c55d7c894395fcf5f1b4cc57a,
        type: 3}
      propertyPath: m_LocalEulerAnglesHint.y
      value: 0
      objectReference: {fileID: 0}
    - target: {fileID: 2329735485256654507, guid: 3e36012c55d7c894395fcf5f1b4cc57a,
        type: 3}
      propertyPath: m_LocalEulerAnglesHint.z
      value: 0
      objectReference: {fileID: 0}
    - target: {fileID: 2329735485256654511, guid: 3e36012c55d7c894395fcf5f1b4cc57a,
        type: 3}
      propertyPath: m_Name
      value: CanvasInstruction
      objectReference: {fileID: 0}
    - target: {fileID: 2329735485898205097, guid: 3e36012c55d7c894395fcf5f1b4cc57a,
        type: 3}
      propertyPath: m_Controller
      value: 
      objectReference: {fileID: 0}
    m_RemovedComponents: []
  m_SourcePrefab: {fileID: 100100000, guid: 3e36012c55d7c894395fcf5f1b4cc57a, type: 3}
--- !u!1 &5603802331600463292 stripped
GameObject:
  m_CorrespondingSourceObject: {fileID: 2329735485256654511, guid: 3e36012c55d7c894395fcf5f1b4cc57a,
    type: 3}
  m_PrefabInstance: {fileID: 7894905337580714771}
  m_PrefabAsset: {fileID: 0}
--- !u!224 &5603802331600463288 stripped
RectTransform:
  m_CorrespondingSourceObject: {fileID: 2329735485256654507, guid: 3e36012c55d7c894395fcf5f1b4cc57a,
    type: 3}
  m_PrefabInstance: {fileID: 7894905337580714771}
  m_PrefabAsset: {fileID: 0}
