%YAML 1.1
%TAG !u! tag:unity3d.com,2011:
--- !u!1 &6208772155975193418
GameObject:
  m_ObjectHideFlags: 0
  m_CorrespondingSourceObject: {fileID: 0}
  m_PrefabInstance: {fileID: 0}
  m_PrefabAsset: {fileID: 0}
  serializedVersion: 6
  m_Component:
  - component: {fileID: 3092866258958085086}
  m_Layer: 0
  m_Name: room_large_long_1
  m_TagString: Untagged
  m_Icon: {fileID: 0}
  m_NavMeshLayer: 0
  m_StaticEditorFlags: 0
  m_IsActive: 1
--- !u!4 &3092866258958085086
Transform:
  m_ObjectHideFlags: 0
  m_CorrespondingSourceObject: {fileID: 0}
  m_PrefabInstance: {fileID: 0}
  m_PrefabAsset: {fileID: 0}
  m_GameObject: {fileID: 6208772155975193418}
  m_LocalRotation: {x: -0, y: -0, z: -0, w: 1}
  m_LocalPosition: {x: 0, y: 0, z: 0}
  m_LocalScale: {x: 1, y: 1, z: 1}
  m_Children:
  - {fileID: 3865329034369582252}
  - {fileID: 2989542319181085017}
  m_Father: {fileID: 0}
  m_RootOrder: 0
  m_LocalEulerAnglesHint: {x: 0, y: 0, z: 0}
--- !u!1001 &2028590726808181958
PrefabInstance:
  m_ObjectHideFlags: 0
  serializedVersion: 2
  m_Modification:
    m_TransformParent: {fileID: 3092866258958085086}
    m_Modifications:
    - target: {fileID: 738074791745939396, guid: a6b5776dcdad78d46b974b2846a57ca3,
        type: 3}
      propertyPath: m_LocalPosition.z
      value: 0
      objectReference: {fileID: 0}
    - target: {fileID: 1916382423148881807, guid: a6b5776dcdad78d46b974b2846a57ca3,
        type: 3}
      propertyPath: m_LocalPosition.z
      value: 0
      objectReference: {fileID: 0}
    - target: {fileID: 3158166117013472547, guid: a6b5776dcdad78d46b974b2846a57ca3,
        type: 3}
      propertyPath: m_LocalPosition.z
      value: 0
      objectReference: {fileID: 0}
    - target: {fileID: 3825808480320229767, guid: a6b5776dcdad78d46b974b2846a57ca3,
        type: 3}
      propertyPath: m_LocalPosition.z
      value: 0
      objectReference: {fileID: 0}
    - target: {fileID: 3844944208045843871, guid: a6b5776dcdad78d46b974b2846a57ca3,
        type: 3}
      propertyPath: m_RootOrder
      value: 1
      objectReference: {fileID: 0}
    - target: {fileID: 3844944208045843871, guid: a6b5776dcdad78d46b974b2846a57ca3,
        type: 3}
      propertyPath: m_LocalPosition.x
      value: 0
      objectReference: {fileID: 0}
    - target: {fileID: 3844944208045843871, guid: a6b5776dcdad78d46b974b2846a57ca3,
        type: 3}
      propertyPath: m_LocalPosition.y
      value: 0
      objectReference: {fileID: 0}
    - target: {fileID: 3844944208045843871, guid: a6b5776dcdad78d46b974b2846a57ca3,
        type: 3}
      propertyPath: m_LocalPosition.z
      value: 0
      objectReference: {fileID: 0}
    - target: {fileID: 3844944208045843871, guid: a6b5776dcdad78d46b974b2846a57ca3,
        type: 3}
      propertyPath: m_LocalRotation.w
      value: 1
      objectReference: {fileID: 0}
    - target: {fileID: 3844944208045843871, guid: a6b5776dcdad78d46b974b2846a57ca3,
        type: 3}
      propertyPath: m_LocalRotation.x
      value: 0
      objectReference: {fileID: 0}
    - target: {fileID: 3844944208045843871, guid: a6b5776dcdad78d46b974b2846a57ca3,
        type: 3}
      propertyPath: m_LocalRotation.y
      value: 0
      objectReference: {fileID: 0}
    - target: {fileID: 3844944208045843871, guid: a6b5776dcdad78d46b974b2846a57ca3,
        type: 3}
      propertyPath: m_LocalRotation.z
      value: 0
      objectReference: {fileID: 0}
    - target: {fileID: 3844944208045843871, guid: a6b5776dcdad78d46b974b2846a57ca3,
        type: 3}
      propertyPath: m_LocalEulerAnglesHint.x
      value: 0
      objectReference: {fileID: 0}
    - target: {fileID: 3844944208045843871, guid: a6b5776dcdad78d46b974b2846a57ca3,
        type: 3}
      propertyPath: m_LocalEulerAnglesHint.y
      value: 0
      objectReference: {fileID: 0}
    - target: {fileID: 3844944208045843871, guid: a6b5776dcdad78d46b974b2846a57ca3,
        type: 3}
      propertyPath: m_LocalEulerAnglesHint.z
      value: 0
      objectReference: {fileID: 0}
    - target: {fileID: 3954007491473144358, guid: a6b5776dcdad78d46b974b2846a57ca3,
        type: 3}
      propertyPath: m_LocalPosition.z
      value: 0
      objectReference: {fileID: 0}
    - target: {fileID: 4577694776500375218, guid: a6b5776dcdad78d46b974b2846a57ca3,
        type: 3}
      propertyPath: m_LocalPosition.z
      value: 0
      objectReference: {fileID: 0}
    - target: {fileID: 4613735535636752240, guid: a6b5776dcdad78d46b974b2846a57ca3,
        type: 3}
      propertyPath: m_LocalPosition.z
      value: 0
      objectReference: {fileID: 0}
    - target: {fileID: 6190888887733671245, guid: a6b5776dcdad78d46b974b2846a57ca3,
        type: 3}
      propertyPath: m_LocalPosition.z
      value: 0
      objectReference: {fileID: 0}
    - target: {fileID: 6400789711871519352, guid: a6b5776dcdad78d46b974b2846a57ca3,
        type: 3}
      propertyPath: m_Name
      value: room_large_long_1
      objectReference: {fileID: 0}
    - target: {fileID: 7132249324790006734, guid: a6b5776dcdad78d46b974b2846a57ca3,
        type: 3}
      propertyPath: m_LocalPosition.z
      value: 0
      objectReference: {fileID: 0}
    - target: {fileID: 8048106629351954372, guid: a6b5776dcdad78d46b974b2846a57ca3,
        type: 3}
      propertyPath: m_LocalPosition.z
      value: 0
      objectReference: {fileID: 0}
    m_RemovedComponents: []
  m_SourcePrefab: {fileID: 100100000, guid: a6b5776dcdad78d46b974b2846a57ca3, type: 3}
--- !u!4 &2989542319181085017 stripped
Transform:
  m_CorrespondingSourceObject: {fileID: 3844944208045843871, guid: a6b5776dcdad78d46b974b2846a57ca3,
    type: 3}
  m_PrefabInstance: {fileID: 2028590726808181958}
  m_PrefabAsset: {fileID: 0}
--- !u!1001 &7860902650384218982
PrefabInstance:
  m_ObjectHideFlags: 0
  serializedVersion: 2
  m_Modification:
    m_TransformParent: {fileID: 3092866258958085086}
    m_Modifications:
    - target: {fileID: 487243255437973317, guid: fff8356252ea53944a12164768d9b558,
        type: 3}
      propertyPath: m_Size.x
      value: 16.213572
      objectReference: {fileID: 0}
    - target: {fileID: 487243255437973317, guid: fff8356252ea53944a12164768d9b558,
        type: 3}
      propertyPath: m_Size.y
      value: 10.054644
      objectReference: {fileID: 0}
    - target: {fileID: 487243255437973317, guid: fff8356252ea53944a12164768d9b558,
        type: 3}
      propertyPath: m_Size.z
      value: 13.975759
      objectReference: {fileID: 0}
    - target: {fileID: 487243255437973317, guid: fff8356252ea53944a12164768d9b558,
        type: 3}
      propertyPath: m_Center.x
      value: 0.0008687973
      objectReference: {fileID: 0}
    - target: {fileID: 487243255437973317, guid: fff8356252ea53944a12164768d9b558,
        type: 3}
      propertyPath: m_Center.y
      value: -0.4571619
      objectReference: {fileID: 0}
    - target: {fileID: 487243255437973317, guid: fff8356252ea53944a12164768d9b558,
        type: 3}
      propertyPath: m_Center.z
      value: -0.026492596
      objectReference: {fileID: 0}
    - target: {fileID: 1417693665624029033, guid: fff8356252ea53944a12164768d9b558,
        type: 3}
      propertyPath: m_Name
      value: Area Data
      objectReference: {fileID: 0}
    - target: {fileID: 4268913019039595364, guid: fff8356252ea53944a12164768d9b558,
        type: 3}
      propertyPath: rootObj
      value: 
      objectReference: {fileID: 3092866258958085086}
    - target: {fileID: 4268913019039595364, guid: fff8356252ea53944a12164768d9b558,
        type: 3}
      propertyPath: autoMapSprite
      value: 0
      objectReference: {fileID: 0}
    - target: {fileID: 4268913019039595364, guid: fff8356252ea53944a12164768d9b558,
        type: 3}
      propertyPath: pathWays.Array.size
      value: 2
      objectReference: {fileID: 0}
    - target: {fileID: 4268913019039595364, guid: fff8356252ea53944a12164768d9b558,
        type: 3}
      propertyPath: pathWays.Array.data[1]
      value: 
      objectReference: {fileID: 5985714295973518144}
    - target: {fileID: 4268913019039595364, guid: fff8356252ea53944a12164768d9b558,
        type: 3}
      propertyPath: pathWays.Array.data[2]
      value: 
      objectReference: {fileID: 0}
    - target: {fileID: 4945616035239628671, guid: fff8356252ea53944a12164768d9b558,
        type: 3}
      propertyPath: m_LocalPosition.x
      value: -2
      objectReference: {fileID: 0}
    - target: {fileID: 4945616035239628671, guid: fff8356252ea53944a12164768d9b558,
        type: 3}
      propertyPath: m_LocalPosition.y
      value: -0.75
      objectReference: {fileID: 0}
    - target: {fileID: 4945616035239628671, guid: fff8356252ea53944a12164768d9b558,
        type: 3}
      propertyPath: m_LocalPosition.z
      value: -8
      objectReference: {fileID: 0}
    - target: {fileID: 4945616035239628671, guid: fff8356252ea53944a12164768d9b558,
        type: 3}
      propertyPath: m_LocalRotation.w
      value: -0.00000019371507
      objectReference: {fileID: 0}
    - target: {fileID: 4945616035239628671, guid: fff8356252ea53944a12164768d9b558,
        type: 3}
      propertyPath: m_LocalRotation.x
      value: -0
      objectReference: {fileID: 0}
    - target: {fileID: 4945616035239628671, guid: fff8356252ea53944a12164768d9b558,
        type: 3}
      propertyPath: m_LocalRotation.y
      value: 1
      objectReference: {fileID: 0}
    - target: {fileID: 4945616035239628671, guid: fff8356252ea53944a12164768d9b558,
        type: 3}
      propertyPath: m_LocalRotation.z
      value: -0
      objectReference: {fileID: 0}
    - target: {fileID: 4945616035239628671, guid: fff8356252ea53944a12164768d9b558,
        type: 3}
      propertyPath: m_LocalEulerAnglesHint.y
      value: 179.99998
      objectReference: {fileID: 0}
    - target: {fileID: 6391699724059656138, guid: fff8356252ea53944a12164768d9b558,
        type: 3}
      propertyPath: m_RootOrder
      value: 0
      objectReference: {fileID: 0}
    - target: {fileID: 6391699724059656138, guid: fff8356252ea53944a12164768d9b558,
        type: 3}
      propertyPath: m_LocalPosition.x
      value: 0
      objectReference: {fileID: 0}
    - target: {fileID: 6391699724059656138, guid: fff8356252ea53944a12164768d9b558,
        type: 3}
      propertyPath: m_LocalPosition.y
      value: 0
      objectReference: {fileID: 0}
    - target: {fileID: 6391699724059656138, guid: fff8356252ea53944a12164768d9b558,
        type: 3}
      propertyPath: m_LocalPosition.z
      value: 0
      objectReference: {fileID: 0}
    - target: {fileID: 6391699724059656138, guid: fff8356252ea53944a12164768d9b558,
        type: 3}
      propertyPath: m_LocalRotation.w
      value: 1
      objectReference: {fileID: 0}
    - target: {fileID: 6391699724059656138, guid: fff8356252ea53944a12164768d9b558,
        type: 3}
      propertyPath: m_LocalRotation.x
      value: -0
      objectReference: {fileID: 0}
    - target: {fileID: 6391699724059656138, guid: fff8356252ea53944a12164768d9b558,
        type: 3}
      propertyPath: m_LocalRotation.y
      value: -0
      objectReference: {fileID: 0}
    - target: {fileID: 6391699724059656138, guid: fff8356252ea53944a12164768d9b558,
        type: 3}
      propertyPath: m_LocalRotation.z
      value: -0
      objectReference: {fileID: 0}
    - target: {fileID: 6391699724059656138, guid: fff8356252ea53944a12164768d9b558,
        type: 3}
      propertyPath: m_LocalEulerAnglesHint.x
      value: 0
      objectReference: {fileID: 0}
    - target: {fileID: 6391699724059656138, guid: fff8356252ea53944a12164768d9b558,
        type: 3}
      propertyPath: m_LocalEulerAnglesHint.y
      value: 0
      objectReference: {fileID: 0}
    - target: {fileID: 6391699724059656138, guid: fff8356252ea53944a12164768d9b558,
        type: 3}
      propertyPath: m_LocalEulerAnglesHint.z
      value: 0
      objectReference: {fileID: 0}
    - target: {fileID: 8454782418898906193, guid: fff8356252ea53944a12164768d9b558,
        type: 3}
      propertyPath: m_LocalScale.x
      value: 1.3167
      objectReference: {fileID: 0}
    - target: {fileID: 8454782418898906193, guid: fff8356252ea53944a12164768d9b558,
        type: 3}
      propertyPath: m_LocalScale.y
      value: 1.3167
      objectReference: {fileID: 0}
    - target: {fileID: 8454782418898906193, guid: fff8356252ea53944a12164768d9b558,
        type: 3}
      propertyPath: m_LocalScale.z
      value: 1.3167
      objectReference: {fileID: 0}
    - target: {fileID: 8454782418898906193, guid: fff8356252ea53944a12164768d9b558,
        type: 3}
      propertyPath: m_LocalRotation.w
      value: -0.00000012665987
      objectReference: {fileID: 0}
    - target: {fileID: 8454782418898906193, guid: fff8356252ea53944a12164768d9b558,
        type: 3}
      propertyPath: m_LocalRotation.x
      value: -0.00000014201903
      objectReference: {fileID: 0}
    - target: {fileID: 8454782418898906193, guid: fff8356252ea53944a12164768d9b558,
        type: 3}
      propertyPath: m_LocalRotation.y
      value: 0.7071068
      objectReference: {fileID: 0}
    - target: {fileID: 8454782418898906193, guid: fff8356252ea53944a12164768d9b558,
        type: 3}
      propertyPath: m_LocalRotation.z
      value: -0.7071067
      objectReference: {fileID: 0}
    - target: {fileID: 8454782418898906193, guid: fff8356252ea53944a12164768d9b558,
        type: 3}
      propertyPath: m_LocalEulerAnglesHint.x
      value: 89.98
      objectReference: {fileID: 0}
    - target: {fileID: 8454782418898906193, guid: fff8356252ea53944a12164768d9b558,
        type: 3}
      propertyPath: m_LocalEulerAnglesHint.z
      value: -179.99998
      objectReference: {fileID: 0}
    - target: {fileID: 8554362572521944820, guid: fff8356252ea53944a12164768d9b558,
        type: 3}
      propertyPath: m_Sprite
      value: 
      objectReference: {fileID: 21300000, guid: 6c618132b5c35d149ad5d4ae3a1e8715,
        type: 3}
    - target: {fileID: 8554362572521944820, guid: fff8356252ea53944a12164768d9b558,
        type: 3}
      propertyPath: m_Color.b
      value: 1
      objectReference: {fileID: 0}
    - target: {fileID: 8554362572521944820, guid: fff8356252ea53944a12164768d9b558,
        type: 3}
      propertyPath: m_Color.g
      value: 0.4156863
      objectReference: {fileID: 0}
    - target: {fileID: 8554362572521944820, guid: fff8356252ea53944a12164768d9b558,
        type: 3}
      propertyPath: m_Color.r
      value: 0.2971698
      objectReference: {fileID: 0}
    m_RemovedComponents: []
  m_SourcePrefab: {fileID: 100100000, guid: fff8356252ea53944a12164768d9b558, type: 3}
--- !u!4 &3865329034369582252 stripped
Transform:
  m_CorrespondingSourceObject: {fileID: 6391699724059656138, guid: fff8356252ea53944a12164768d9b558,
    type: 3}
  m_PrefabInstance: {fileID: 7860902650384218982}
  m_PrefabAsset: {fileID: 0}
--- !u!1001 &8567688891732376011
PrefabInstance:
  m_ObjectHideFlags: 0
  serializedVersion: 2
  m_Modification:
    m_TransformParent: {fileID: 3865329034369582252}
    m_Modifications:
    - target: {fileID: 3827401120674770307, guid: ab2609a0cfac8fb4ebe15482fea3d255,
        type: 3}
      propertyPath: m_RootOrder
      value: 2
      objectReference: {fileID: 0}
    - target: {fileID: 3827401120674770307, guid: ab2609a0cfac8fb4ebe15482fea3d255,
        type: 3}
      propertyPath: m_LocalPosition.x
      value: -2
      objectReference: {fileID: 0}
    - target: {fileID: 3827401120674770307, guid: ab2609a0cfac8fb4ebe15482fea3d255,
        type: 3}
      propertyPath: m_LocalPosition.y
      value: -0.75
      objectReference: {fileID: 0}
    - target: {fileID: 3827401120674770307, guid: ab2609a0cfac8fb4ebe15482fea3d255,
        type: 3}
      propertyPath: m_LocalPosition.z
      value: 8
      objectReference: {fileID: 0}
    - target: {fileID: 3827401120674770307, guid: ab2609a0cfac8fb4ebe15482fea3d255,
        type: 3}
      propertyPath: m_LocalRotation.w
      value: 1
      objectReference: {fileID: 0}
    - target: {fileID: 3827401120674770307, guid: ab2609a0cfac8fb4ebe15482fea3d255,
        type: 3}
      propertyPath: m_LocalRotation.x
      value: -0
      objectReference: {fileID: 0}
    - target: {fileID: 3827401120674770307, guid: ab2609a0cfac8fb4ebe15482fea3d255,
        type: 3}
      propertyPath: m_LocalRotation.y
      value: 0.0000007301568
      objectReference: {fileID: 0}
    - target: {fileID: 3827401120674770307, guid: ab2609a0cfac8fb4ebe15482fea3d255,
        type: 3}
      propertyPath: m_LocalRotation.z
      value: -0
      objectReference: {fileID: 0}
    - target: {fileID: 3827401120674770307, guid: ab2609a0cfac8fb4ebe15482fea3d255,
        type: 3}
      propertyPath: m_LocalEulerAnglesHint.x
      value: 0
      objectReference: {fileID: 0}
    - target: {fileID: 3827401120674770307, guid: ab2609a0cfac8fb4ebe15482fea3d255,
        type: 3}
      propertyPath: m_LocalEulerAnglesHint.y
      value: 0
      objectReference: {fileID: 0}
    - target: {fileID: 3827401120674770307, guid: ab2609a0cfac8fb4ebe15482fea3d255,
        type: 3}
      propertyPath: m_LocalEulerAnglesHint.z
      value: 0
      objectReference: {fileID: 0}
    - target: {fileID: 8935671478945291720, guid: ab2609a0cfac8fb4ebe15482fea3d255,
        type: 3}
      propertyPath: m_Name
      value: Pathway (1)
      objectReference: {fileID: 0}
    - target: {fileID: 8935671478945291720, guid: ab2609a0cfac8fb4ebe15482fea3d255,
        type: 3}
      propertyPath: m_Layer
      value: 17
      objectReference: {fileID: 0}
    m_RemovedComponents: []
  m_SourcePrefab: {fileID: 100100000, guid: ab2609a0cfac8fb4ebe15482fea3d255, type: 3}
--- !u!114 &5985714295973518144 stripped
MonoBehaviour:
  m_CorrespondingSourceObject: {fileID: 2735669416405377675, guid: ab2609a0cfac8fb4ebe15482fea3d255,
    type: 3}
  m_PrefabInstance: {fileID: 8567688891732376011}
  m_PrefabAsset: {fileID: 0}
  m_GameObject: {fileID: 0}
  m_Enabled: 1
  m_EditorHideFlags: 0
  m_Script: {fileID: 11500000, guid: e99ae58be9ce0e545bc4c3ad8fee5074, type: 3}
  m_Name: 
  m_EditorClassIdentifier: 
