%YAML 1.1
%TAG !u! tag:unity3d.com,2011:
--- !u!1 &6208772155975193418
GameObject:
  m_ObjectHideFlags: 0
  m_CorrespondingSourceObject: {fileID: 0}
  m_PrefabInstance: {fileID: 0}
  m_PrefabAsset: {fileID: 0}
  serializedVersion: 6
  m_Component:
  - component: {fileID: 3092866258958085086}
  m_Layer: 0
  m_Name: room_huge
  m_TagString: Untagged
  m_Icon: {fileID: 0}
  m_NavMeshLayer: 0
  m_StaticEditorFlags: 0
  m_IsActive: 1
--- !u!4 &3092866258958085086
Transform:
  m_ObjectHideFlags: 0
  m_CorrespondingSourceObject: {fileID: 0}
  m_PrefabInstance: {fileID: 0}
  m_PrefabAsset: {fileID: 0}
  m_GameObject: {fileID: 6208772155975193418}
  m_LocalRotation: {x: -0, y: -0, z: -0, w: 1}
  m_LocalPosition: {x: 0, y: 0, z: 0}
  m_LocalScale: {x: 1, y: 1, z: 1}
  m_Children:
  - {fileID: 3865329034369582252}
  - {fileID: 3941130337780182388}
  m_Father: {fileID: 0}
  m_RootOrder: 0
  m_LocalEulerAnglesHint: {x: 0, y: 0, z: 0}
--- !u!1001 &119257220287249952
PrefabInstance:
  m_ObjectHideFlags: 0
  serializedVersion: 2
  m_Modification:
    m_TransformParent: {fileID: 3865329034369582252}
    m_Modifications:
    - target: {fileID: 3827401120674770307, guid: ab2609a0cfac8fb4ebe15482fea3d255,
        type: 3}
      propertyPath: m_RootOrder
      value: 3
      objectReference: {fileID: 0}
    - target: {fileID: 3827401120674770307, guid: ab2609a0cfac8fb4ebe15482fea3d255,
        type: 3}
      propertyPath: m_LocalPosition.x
      value: -14.001
      objectReference: {fileID: 0}
    - target: {fileID: 3827401120674770307, guid: ab2609a0cfac8fb4ebe15482fea3d255,
        type: 3}
      propertyPath: m_LocalPosition.y
      value: -2.25
      objectReference: {fileID: 0}
    - target: {fileID: 3827401120674770307, guid: ab2609a0cfac8fb4ebe15482fea3d255,
        type: 3}
      propertyPath: m_LocalPosition.z
      value: 4.04
      objectReference: {fileID: 0}
    - target: {fileID: 3827401120674770307, guid: ab2609a0cfac8fb4ebe15482fea3d255,
        type: 3}
      propertyPath: m_LocalRotation.w
      value: 0.70710707
      objectReference: {fileID: 0}
    - target: {fileID: 3827401120674770307, guid: ab2609a0cfac8fb4ebe15482fea3d255,
        type: 3}
      propertyPath: m_LocalRotation.x
      value: -0
      objectReference: {fileID: 0}
    - target: {fileID: 3827401120674770307, guid: ab2609a0cfac8fb4ebe15482fea3d255,
        type: 3}
      propertyPath: m_LocalRotation.y
      value: -0.7071066
      objectReference: {fileID: 0}
    - target: {fileID: 3827401120674770307, guid: ab2609a0cfac8fb4ebe15482fea3d255,
        type: 3}
      propertyPath: m_LocalRotation.z
      value: -0
      objectReference: {fileID: 0}
    - target: {fileID: 3827401120674770307, guid: ab2609a0cfac8fb4ebe15482fea3d255,
        type: 3}
      propertyPath: m_LocalEulerAnglesHint.x
      value: 0
      objectReference: {fileID: 0}
    - target: {fileID: 3827401120674770307, guid: ab2609a0cfac8fb4ebe15482fea3d255,
        type: 3}
      propertyPath: m_LocalEulerAnglesHint.y
      value: -90.00001
      objectReference: {fileID: 0}
    - target: {fileID: 3827401120674770307, guid: ab2609a0cfac8fb4ebe15482fea3d255,
        type: 3}
      propertyPath: m_LocalEulerAnglesHint.z
      value: 0
      objectReference: {fileID: 0}
    - target: {fileID: 8935671478945291720, guid: ab2609a0cfac8fb4ebe15482fea3d255,
        type: 3}
      propertyPath: m_Name
      value: Pathway (2)
      objectReference: {fileID: 0}
    - target: {fileID: 8935671478945291720, guid: ab2609a0cfac8fb4ebe15482fea3d255,
        type: 3}
      propertyPath: m_Layer
      value: 17
      objectReference: {fileID: 0}
    m_RemovedComponents: []
  m_SourcePrefab: {fileID: 100100000, guid: ab2609a0cfac8fb4ebe15482fea3d255, type: 3}
--- !u!114 &2616770708446977195 stripped
MonoBehaviour:
  m_CorrespondingSourceObject: {fileID: 2735669416405377675, guid: ab2609a0cfac8fb4ebe15482fea3d255,
    type: 3}
  m_PrefabInstance: {fileID: 119257220287249952}
  m_PrefabAsset: {fileID: 0}
  m_GameObject: {fileID: 0}
  m_Enabled: 1
  m_EditorHideFlags: 0
  m_Script: {fileID: 11500000, guid: e99ae58be9ce0e545bc4c3ad8fee5074, type: 3}
  m_Name: 
  m_EditorClassIdentifier: 
--- !u!1001 &6500108932394324115
PrefabInstance:
  m_ObjectHideFlags: 0
  serializedVersion: 2
  m_Modification:
    m_TransformParent: {fileID: 3092866258958085086}
    m_Modifications:
    - target: {fileID: 190542924651029893, guid: 2fc1a9ccd22cf504792377f961aba59a,
        type: 3}
      propertyPath: m_LocalPosition.z
      value: 0
      objectReference: {fileID: 0}
    - target: {fileID: 1858216743210812857, guid: 2fc1a9ccd22cf504792377f961aba59a,
        type: 3}
      propertyPath: m_LocalPosition.z
      value: 0
      objectReference: {fileID: 0}
    - target: {fileID: 2604368837525328605, guid: 2fc1a9ccd22cf504792377f961aba59a,
        type: 3}
      propertyPath: m_LocalPosition.z
      value: 0
      objectReference: {fileID: 0}
    - target: {fileID: 5978583423240838712, guid: 2fc1a9ccd22cf504792377f961aba59a,
        type: 3}
      propertyPath: m_Name
      value: room_huge
      objectReference: {fileID: 0}
    - target: {fileID: 7819572265964682727, guid: 2fc1a9ccd22cf504792377f961aba59a,
        type: 3}
      propertyPath: m_RootOrder
      value: 1
      objectReference: {fileID: 0}
    - target: {fileID: 7819572265964682727, guid: 2fc1a9ccd22cf504792377f961aba59a,
        type: 3}
      propertyPath: m_LocalPosition.x
      value: 0
      objectReference: {fileID: 0}
    - target: {fileID: 7819572265964682727, guid: 2fc1a9ccd22cf504792377f961aba59a,
        type: 3}
      propertyPath: m_LocalPosition.y
      value: 0
      objectReference: {fileID: 0}
    - target: {fileID: 7819572265964682727, guid: 2fc1a9ccd22cf504792377f961aba59a,
        type: 3}
      propertyPath: m_LocalPosition.z
      value: 0
      objectReference: {fileID: 0}
    - target: {fileID: 7819572265964682727, guid: 2fc1a9ccd22cf504792377f961aba59a,
        type: 3}
      propertyPath: m_LocalRotation.w
      value: 1
      objectReference: {fileID: 0}
    - target: {fileID: 7819572265964682727, guid: 2fc1a9ccd22cf504792377f961aba59a,
        type: 3}
      propertyPath: m_LocalRotation.x
      value: 0
      objectReference: {fileID: 0}
    - target: {fileID: 7819572265964682727, guid: 2fc1a9ccd22cf504792377f961aba59a,
        type: 3}
      propertyPath: m_LocalRotation.y
      value: 0
      objectReference: {fileID: 0}
    - target: {fileID: 7819572265964682727, guid: 2fc1a9ccd22cf504792377f961aba59a,
        type: 3}
      propertyPath: m_LocalRotation.z
      value: 0
      objectReference: {fileID: 0}
    - target: {fileID: 7819572265964682727, guid: 2fc1a9ccd22cf504792377f961aba59a,
        type: 3}
      propertyPath: m_LocalEulerAnglesHint.x
      value: 0
      objectReference: {fileID: 0}
    - target: {fileID: 7819572265964682727, guid: 2fc1a9ccd22cf504792377f961aba59a,
        type: 3}
      propertyPath: m_LocalEulerAnglesHint.y
      value: 0
      objectReference: {fileID: 0}
    - target: {fileID: 7819572265964682727, guid: 2fc1a9ccd22cf504792377f961aba59a,
        type: 3}
      propertyPath: m_LocalEulerAnglesHint.z
      value: 0
      objectReference: {fileID: 0}
    m_RemovedComponents: []
  m_SourcePrefab: {fileID: 100100000, guid: 2fc1a9ccd22cf504792377f961aba59a, type: 3}
--- !u!4 &3941130337780182388 stripped
Transform:
  m_CorrespondingSourceObject: {fileID: 7819572265964682727, guid: 2fc1a9ccd22cf504792377f961aba59a,
    type: 3}
  m_PrefabInstance: {fileID: 6500108932394324115}
  m_PrefabAsset: {fileID: 0}
--- !u!1001 &7860902650384218982
PrefabInstance:
  m_ObjectHideFlags: 0
  serializedVersion: 2
  m_Modification:
    m_TransformParent: {fileID: 3092866258958085086}
    m_Modifications:
    - target: {fileID: 487243255437973317, guid: fff8356252ea53944a12164768d9b558,
        type: 3}
      propertyPath: m_Size.x
      value: 25.361603
      objectReference: {fileID: 0}
    - target: {fileID: 487243255437973317, guid: fff8356252ea53944a12164768d9b558,
        type: 3}
      propertyPath: m_Size.y
      value: 9.228661
      objectReference: {fileID: 0}
    - target: {fileID: 487243255437973317, guid: fff8356252ea53944a12164768d9b558,
        type: 3}
      propertyPath: m_Size.z
      value: 14
      objectReference: {fileID: 0}
    - target: {fileID: 487243255437973317, guid: fff8356252ea53944a12164768d9b558,
        type: 3}
      propertyPath: m_Center.x
      value: -0.38222313
      objectReference: {fileID: 0}
    - target: {fileID: 487243255437973317, guid: fff8356252ea53944a12164768d9b558,
        type: 3}
      propertyPath: m_Center.y
      value: 1.2748604
      objectReference: {fileID: 0}
    - target: {fileID: 487243255437973317, guid: fff8356252ea53944a12164768d9b558,
        type: 3}
      propertyPath: m_Center.z
      value: 0
      objectReference: {fileID: 0}
    - target: {fileID: 1417693665624029033, guid: fff8356252ea53944a12164768d9b558,
        type: 3}
      propertyPath: m_Name
      value: Area Data
      objectReference: {fileID: 0}
    - target: {fileID: 4268913019039595364, guid: fff8356252ea53944a12164768d9b558,
        type: 3}
      propertyPath: rootObj
      value: 
      objectReference: {fileID: 3092866258958085086}
    - target: {fileID: 4268913019039595364, guid: fff8356252ea53944a12164768d9b558,
        type: 3}
      propertyPath: autoMapSprite
      value: 0
      objectReference: {fileID: 0}
    - target: {fileID: 4268913019039595364, guid: fff8356252ea53944a12164768d9b558,
        type: 3}
      propertyPath: pathWays.Array.size
      value: 3
      objectReference: {fileID: 0}
    - target: {fileID: 4268913019039595364, guid: fff8356252ea53944a12164768d9b558,
        type: 3}
      propertyPath: pathWays.Array.data[1]
      value: 
      objectReference: {fileID: 5985714295973518144}
    - target: {fileID: 4268913019039595364, guid: fff8356252ea53944a12164768d9b558,
        type: 3}
      propertyPath: pathWays.Array.data[2]
      value: 
      objectReference: {fileID: 2616770708446977195}
    - target: {fileID: 4945616035239628671, guid: fff8356252ea53944a12164768d9b558,
        type: 3}
      propertyPath: m_LocalPosition.x
      value: -10.13
      objectReference: {fileID: 0}
    - target: {fileID: 4945616035239628671, guid: fff8356252ea53944a12164768d9b558,
        type: 3}
      propertyPath: m_LocalPosition.y
      value: -2.25
      objectReference: {fileID: 0}
    - target: {fileID: 4945616035239628671, guid: fff8356252ea53944a12164768d9b558,
        type: 3}
      propertyPath: m_LocalPosition.z
      value: -7.96
      objectReference: {fileID: 0}
    - target: {fileID: 4945616035239628671, guid: fff8356252ea53944a12164768d9b558,
        type: 3}
      propertyPath: m_LocalRotation.w
      value: 0.00000037252897
      objectReference: {fileID: 0}
    - target: {fileID: 4945616035239628671, guid: fff8356252ea53944a12164768d9b558,
        type: 3}
      propertyPath: m_LocalRotation.x
      value: -0
      objectReference: {fileID: 0}
    - target: {fileID: 4945616035239628671, guid: fff8356252ea53944a12164768d9b558,
        type: 3}
      propertyPath: m_LocalRotation.y
      value: -1
      objectReference: {fileID: 0}
    - target: {fileID: 4945616035239628671, guid: fff8356252ea53944a12164768d9b558,
        type: 3}
      propertyPath: m_LocalRotation.z
      value: -0
      objectReference: {fileID: 0}
    - target: {fileID: 4945616035239628671, guid: fff8356252ea53944a12164768d9b558,
        type: 3}
      propertyPath: m_LocalEulerAnglesHint.y
      value: -180.00002
      objectReference: {fileID: 0}
    - target: {fileID: 6391699724059656138, guid: fff8356252ea53944a12164768d9b558,
        type: 3}
      propertyPath: m_RootOrder
      value: 0
      objectReference: {fileID: 0}
    - target: {fileID: 6391699724059656138, guid: fff8356252ea53944a12164768d9b558,
        type: 3}
      propertyPath: m_LocalPosition.x
      value: 0
      objectReference: {fileID: 0}
    - target: {fileID: 6391699724059656138, guid: fff8356252ea53944a12164768d9b558,
        type: 3}
      propertyPath: m_LocalPosition.y
      value: 0
      objectReference: {fileID: 0}
    - target: {fileID: 6391699724059656138, guid: fff8356252ea53944a12164768d9b558,
        type: 3}
      propertyPath: m_LocalPosition.z
      value: 0
      objectReference: {fileID: 0}
    - target: {fileID: 6391699724059656138, guid: fff8356252ea53944a12164768d9b558,
        type: 3}
      propertyPath: m_LocalRotation.w
      value: 1
      objectReference: {fileID: 0}
    - target: {fileID: 6391699724059656138, guid: fff8356252ea53944a12164768d9b558,
        type: 3}
      propertyPath: m_LocalRotation.x
      value: -0
      objectReference: {fileID: 0}
    - target: {fileID: 6391699724059656138, guid: fff8356252ea53944a12164768d9b558,
        type: 3}
      propertyPath: m_LocalRotation.y
      value: -0
      objectReference: {fileID: 0}
    - target: {fileID: 6391699724059656138, guid: fff8356252ea53944a12164768d9b558,
        type: 3}
      propertyPath: m_LocalRotation.z
      value: -0
      objectReference: {fileID: 0}
    - target: {fileID: 6391699724059656138, guid: fff8356252ea53944a12164768d9b558,
        type: 3}
      propertyPath: m_LocalEulerAnglesHint.x
      value: 0
      objectReference: {fileID: 0}
    - target: {fileID: 6391699724059656138, guid: fff8356252ea53944a12164768d9b558,
        type: 3}
      propertyPath: m_LocalEulerAnglesHint.y
      value: 0
      objectReference: {fileID: 0}
    - target: {fileID: 6391699724059656138, guid: fff8356252ea53944a12164768d9b558,
        type: 3}
      propertyPath: m_LocalEulerAnglesHint.z
      value: 0
      objectReference: {fileID: 0}
    - target: {fileID: 8454782418898906193, guid: fff8356252ea53944a12164768d9b558,
        type: 3}
      propertyPath: m_LocalScale.x
      value: 1.315
      objectReference: {fileID: 0}
    - target: {fileID: 8454782418898906193, guid: fff8356252ea53944a12164768d9b558,
        type: 3}
      propertyPath: m_LocalScale.y
      value: 1.2926484
      objectReference: {fileID: 0}
    - target: {fileID: 8454782418898906193, guid: fff8356252ea53944a12164768d9b558,
        type: 3}
      propertyPath: m_LocalScale.z
      value: 1.2926484
      objectReference: {fileID: 0}
    - target: {fileID: 8454782418898906193, guid: fff8356252ea53944a12164768d9b558,
        type: 3}
      propertyPath: m_LocalPosition.x
      value: -0.49
      objectReference: {fileID: 0}
    - target: {fileID: 8454782418898906193, guid: fff8356252ea53944a12164768d9b558,
        type: 3}
      propertyPath: m_LocalPosition.y
      value: 1.1e-14
      objectReference: {fileID: 0}
    - target: {fileID: 8454782418898906193, guid: fff8356252ea53944a12164768d9b558,
        type: 3}
      propertyPath: m_LocalPosition.z
      value: 0.04
      objectReference: {fileID: 0}
    - target: {fileID: 8454782418898906193, guid: fff8356252ea53944a12164768d9b558,
        type: 3}
      propertyPath: m_LocalRotation.w
      value: 0.00000008940696
      objectReference: {fileID: 0}
    - target: {fileID: 8454782418898906193, guid: fff8356252ea53944a12164768d9b558,
        type: 3}
      propertyPath: m_LocalRotation.x
      value: 0.00000009337855
      objectReference: {fileID: 0}
    - target: {fileID: 8454782418898906193, guid: fff8356252ea53944a12164768d9b558,
        type: 3}
      propertyPath: m_LocalRotation.y
      value: 0.7071069
      objectReference: {fileID: 0}
    - target: {fileID: 8454782418898906193, guid: fff8356252ea53944a12164768d9b558,
        type: 3}
      propertyPath: m_LocalRotation.z
      value: -0.70710677
      objectReference: {fileID: 0}
    - target: {fileID: 8454782418898906193, guid: fff8356252ea53944a12164768d9b558,
        type: 3}
      propertyPath: m_LocalEulerAnglesHint.x
      value: 90.00001
      objectReference: {fileID: 0}
    - target: {fileID: 8454782418898906193, guid: fff8356252ea53944a12164768d9b558,
        type: 3}
      propertyPath: m_LocalEulerAnglesHint.z
      value: -180.00002
      objectReference: {fileID: 0}
    - target: {fileID: 8554362572521944820, guid: fff8356252ea53944a12164768d9b558,
        type: 3}
      propertyPath: m_Sprite
      value: 
      objectReference: {fileID: 21300000, guid: f7cb08d0a0707574799eee1fe02678a0,
        type: 3}
    - target: {fileID: 8554362572521944820, guid: fff8356252ea53944a12164768d9b558,
        type: 3}
      propertyPath: m_Color.b
      value: 1
      objectReference: {fileID: 0}
    - target: {fileID: 8554362572521944820, guid: fff8356252ea53944a12164768d9b558,
        type: 3}
      propertyPath: m_Color.g
      value: 0.4156863
      objectReference: {fileID: 0}
    - target: {fileID: 8554362572521944820, guid: fff8356252ea53944a12164768d9b558,
        type: 3}
      propertyPath: m_Color.r
      value: 0.2971698
      objectReference: {fileID: 0}
    m_RemovedComponents: []
  m_SourcePrefab: {fileID: 100100000, guid: fff8356252ea53944a12164768d9b558, type: 3}
--- !u!4 &3865329034369582252 stripped
Transform:
  m_CorrespondingSourceObject: {fileID: 6391699724059656138, guid: fff8356252ea53944a12164768d9b558,
    type: 3}
  m_PrefabInstance: {fileID: 7860902650384218982}
  m_PrefabAsset: {fileID: 0}
--- !u!1001 &8567688891732376011
PrefabInstance:
  m_ObjectHideFlags: 0
  serializedVersion: 2
  m_Modification:
    m_TransformParent: {fileID: 3865329034369582252}
    m_Modifications:
    - target: {fileID: 3827401120674770307, guid: ab2609a0cfac8fb4ebe15482fea3d255,
        type: 3}
      propertyPath: m_RootOrder
      value: 2
      objectReference: {fileID: 0}
    - target: {fileID: 3827401120674770307, guid: ab2609a0cfac8fb4ebe15482fea3d255,
        type: 3}
      propertyPath: m_LocalPosition.x
      value: 9.87
      objectReference: {fileID: 0}
    - target: {fileID: 3827401120674770307, guid: ab2609a0cfac8fb4ebe15482fea3d255,
        type: 3}
      propertyPath: m_LocalPosition.y
      value: -2.252
      objectReference: {fileID: 0}
    - target: {fileID: 3827401120674770307, guid: ab2609a0cfac8fb4ebe15482fea3d255,
        type: 3}
      propertyPath: m_LocalPosition.z
      value: 8.04
      objectReference: {fileID: 0}
    - target: {fileID: 3827401120674770307, guid: ab2609a0cfac8fb4ebe15482fea3d255,
        type: 3}
      propertyPath: m_LocalRotation.w
      value: 1
      objectReference: {fileID: 0}
    - target: {fileID: 3827401120674770307, guid: ab2609a0cfac8fb4ebe15482fea3d255,
        type: 3}
      propertyPath: m_LocalRotation.x
      value: -0
      objectReference: {fileID: 0}
    - target: {fileID: 3827401120674770307, guid: ab2609a0cfac8fb4ebe15482fea3d255,
        type: 3}
      propertyPath: m_LocalRotation.y
      value: 0.0000007301568
      objectReference: {fileID: 0}
    - target: {fileID: 3827401120674770307, guid: ab2609a0cfac8fb4ebe15482fea3d255,
        type: 3}
      propertyPath: m_LocalRotation.z
      value: -0
      objectReference: {fileID: 0}
    - target: {fileID: 3827401120674770307, guid: ab2609a0cfac8fb4ebe15482fea3d255,
        type: 3}
      propertyPath: m_LocalEulerAnglesHint.x
      value: 0
      objectReference: {fileID: 0}
    - target: {fileID: 3827401120674770307, guid: ab2609a0cfac8fb4ebe15482fea3d255,
        type: 3}
      propertyPath: m_LocalEulerAnglesHint.y
      value: 0
      objectReference: {fileID: 0}
    - target: {fileID: 3827401120674770307, guid: ab2609a0cfac8fb4ebe15482fea3d255,
        type: 3}
      propertyPath: m_LocalEulerAnglesHint.z
      value: 0
      objectReference: {fileID: 0}
    - target: {fileID: 8935671478945291720, guid: ab2609a0cfac8fb4ebe15482fea3d255,
        type: 3}
      propertyPath: m_Name
      value: Pathway (1)
      objectReference: {fileID: 0}
    - target: {fileID: 8935671478945291720, guid: ab2609a0cfac8fb4ebe15482fea3d255,
        type: 3}
      propertyPath: m_Layer
      value: 17
      objectReference: {fileID: 0}
    m_RemovedComponents: []
  m_SourcePrefab: {fileID: 100100000, guid: ab2609a0cfac8fb4ebe15482fea3d255, type: 3}
--- !u!114 &5985714295973518144 stripped
MonoBehaviour:
  m_CorrespondingSourceObject: {fileID: 2735669416405377675, guid: ab2609a0cfac8fb4ebe15482fea3d255,
    type: 3}
  m_PrefabInstance: {fileID: 8567688891732376011}
  m_PrefabAsset: {fileID: 0}
  m_GameObject: {fileID: 0}
  m_Enabled: 1
  m_EditorHideFlags: 0
  m_Script: {fileID: 11500000, guid: e99ae58be9ce0e545bc4c3ad8fee5074, type: 3}
  m_Name: 
  m_EditorClassIdentifier: 
