%YAML 1.1
%TAG !u! tag:unity3d.com,2011:
--- !u!1 &6208772155975193418
GameObject:
  m_ObjectHideFlags: 0
  m_CorrespondingSourceObject: {fileID: 0}
  m_PrefabInstance: {fileID: 0}
  m_PrefabAsset: {fileID: 0}
  serializedVersion: 6
  m_Component:
  - component: {fileID: 3092866258958085086}
  m_Layer: 0
  m_Name: room_medium
  m_TagString: Untagged
  m_Icon: {fileID: 0}
  m_NavMeshLayer: 0
  m_StaticEditorFlags: 0
  m_IsActive: 1
--- !u!4 &3092866258958085086
Transform:
  m_ObjectHideFlags: 0
  m_CorrespondingSourceObject: {fileID: 0}
  m_PrefabInstance: {fileID: 0}
  m_PrefabAsset: {fileID: 0}
  m_GameObject: {fileID: 6208772155975193418}
  m_LocalRotation: {x: -0, y: -0, z: -0, w: 1}
  m_LocalPosition: {x: 0, y: 0, z: 0}
  m_LocalScale: {x: 1, y: 1, z: 1}
  m_Children:
  - {fileID: 3865329034369582252}
  - {fileID: 6266019555956538648}
  m_Father: {fileID: 0}
  m_RootOrder: 0
  m_LocalEulerAnglesHint: {x: 0, y: 0, z: 0}
--- !u!1001 &5636739782900265500
PrefabInstance:
  m_ObjectHideFlags: 0
  serializedVersion: 2
  m_Modification:
    m_TransformParent: {fileID: 3092866258958085086}
    m_Modifications:
    - target: {fileID: 63936098946932361, guid: c028e992c858d88409a3ece7146b449a,
        type: 3}
      propertyPath: m_Size.x
      value: 2.5441666
      objectReference: {fileID: 0}
    - target: {fileID: 63936098946932361, guid: c028e992c858d88409a3ece7146b449a,
        type: 3}
      propertyPath: m_Center.x
      value: -0.21917875
      objectReference: {fileID: 0}
    - target: {fileID: 63936098946932361, guid: c028e992c858d88409a3ece7146b449a,
        type: 3}
      propertyPath: m_Center.z
      value: -0.0028931273
      objectReference: {fileID: 0}
    - target: {fileID: 70103494294836017, guid: c028e992c858d88409a3ece7146b449a,
        type: 3}
      propertyPath: m_LocalPosition.z
      value: 0
      objectReference: {fileID: 0}
    - target: {fileID: 337841536957957870, guid: c028e992c858d88409a3ece7146b449a,
        type: 3}
      propertyPath: m_LocalPosition.z
      value: 0
      objectReference: {fileID: 0}
    - target: {fileID: 1029784340540826739, guid: c028e992c858d88409a3ece7146b449a,
        type: 3}
      propertyPath: m_LocalPosition.z
      value: 0
      objectReference: {fileID: 0}
    - target: {fileID: 1346770211594515677, guid: c028e992c858d88409a3ece7146b449a,
        type: 3}
      propertyPath: m_LocalPosition.z
      value: 0
      objectReference: {fileID: 0}
    - target: {fileID: 1787057558631321348, guid: c028e992c858d88409a3ece7146b449a,
        type: 3}
      propertyPath: m_RootOrder
      value: 1
      objectReference: {fileID: 0}
    - target: {fileID: 1787057558631321348, guid: c028e992c858d88409a3ece7146b449a,
        type: 3}
      propertyPath: m_LocalPosition.x
      value: 0.000083923
      objectReference: {fileID: 0}
    - target: {fileID: 1787057558631321348, guid: c028e992c858d88409a3ece7146b449a,
        type: 3}
      propertyPath: m_LocalPosition.y
      value: -0.3453
      objectReference: {fileID: 0}
    - target: {fileID: 1787057558631321348, guid: c028e992c858d88409a3ece7146b449a,
        type: 3}
      propertyPath: m_LocalPosition.z
      value: -0.5
      objectReference: {fileID: 0}
    - target: {fileID: 1787057558631321348, guid: c028e992c858d88409a3ece7146b449a,
        type: 3}
      propertyPath: m_LocalRotation.w
      value: 1
      objectReference: {fileID: 0}
    - target: {fileID: 1787057558631321348, guid: c028e992c858d88409a3ece7146b449a,
        type: 3}
      propertyPath: m_LocalRotation.x
      value: -0
      objectReference: {fileID: 0}
    - target: {fileID: 1787057558631321348, guid: c028e992c858d88409a3ece7146b449a,
        type: 3}
      propertyPath: m_LocalRotation.y
      value: -0
      objectReference: {fileID: 0}
    - target: {fileID: 1787057558631321348, guid: c028e992c858d88409a3ece7146b449a,
        type: 3}
      propertyPath: m_LocalRotation.z
      value: -0
      objectReference: {fileID: 0}
    - target: {fileID: 1787057558631321348, guid: c028e992c858d88409a3ece7146b449a,
        type: 3}
      propertyPath: m_LocalEulerAnglesHint.x
      value: 0
      objectReference: {fileID: 0}
    - target: {fileID: 1787057558631321348, guid: c028e992c858d88409a3ece7146b449a,
        type: 3}
      propertyPath: m_LocalEulerAnglesHint.y
      value: 0
      objectReference: {fileID: 0}
    - target: {fileID: 1787057558631321348, guid: c028e992c858d88409a3ece7146b449a,
        type: 3}
      propertyPath: m_LocalEulerAnglesHint.z
      value: 0
      objectReference: {fileID: 0}
    - target: {fileID: 1787057558631321355, guid: c028e992c858d88409a3ece7146b449a,
        type: 3}
      propertyPath: m_Name
      value: room_medium (1)
      objectReference: {fileID: 0}
    - target: {fileID: 2310109595725554917, guid: c028e992c858d88409a3ece7146b449a,
        type: 3}
      propertyPath: m_LocalPosition.z
      value: 0
      objectReference: {fileID: 0}
    - target: {fileID: 2483921562920351950, guid: c028e992c858d88409a3ece7146b449a,
        type: 3}
      propertyPath: m_LocalPosition.z
      value: 0
      objectReference: {fileID: 0}
    - target: {fileID: 3405674281417099850, guid: c028e992c858d88409a3ece7146b449a,
        type: 3}
      propertyPath: m_Size.y
      value: 0.885551
      objectReference: {fileID: 0}
    - target: {fileID: 3405674281417099850, guid: c028e992c858d88409a3ece7146b449a,
        type: 3}
      propertyPath: m_Center.y
      value: 0.014875412
      objectReference: {fileID: 0}
    - target: {fileID: 6164830679496591371, guid: c028e992c858d88409a3ece7146b449a,
        type: 3}
      propertyPath: m_LocalPosition.z
      value: 0
      objectReference: {fileID: 0}
    - target: {fileID: 6453933402055544884, guid: c028e992c858d88409a3ece7146b449a,
        type: 3}
      propertyPath: m_LocalPosition.z
      value: 0
      objectReference: {fileID: 0}
    - target: {fileID: 6671147596124676796, guid: c028e992c858d88409a3ece7146b449a,
        type: 3}
      propertyPath: m_LocalPosition.x
      value: -0.603
      objectReference: {fileID: 0}
    - target: {fileID: 6671147596124676796, guid: c028e992c858d88409a3ece7146b449a,
        type: 3}
      propertyPath: m_LocalPosition.z
      value: 0.07
      objectReference: {fileID: 0}
    - target: {fileID: 8312722037136350965, guid: c028e992c858d88409a3ece7146b449a,
        type: 3}
      propertyPath: m_LocalPosition.z
      value: 0
      objectReference: {fileID: 0}
    m_RemovedComponents: []
  m_SourcePrefab: {fileID: 100100000, guid: c028e992c858d88409a3ece7146b449a, type: 3}
--- !u!4 &6266019555956538648 stripped
Transform:
  m_CorrespondingSourceObject: {fileID: 1787057558631321348, guid: c028e992c858d88409a3ece7146b449a,
    type: 3}
  m_PrefabInstance: {fileID: 5636739782900265500}
  m_PrefabAsset: {fileID: 0}
--- !u!1001 &7860902650384218982
PrefabInstance:
  m_ObjectHideFlags: 0
  serializedVersion: 2
  m_Modification:
    m_TransformParent: {fileID: 3092866258958085086}
    m_Modifications:
    - target: {fileID: 487243255437973317, guid: fff8356252ea53944a12164768d9b558,
        type: 3}
      propertyPath: m_Size.x
      value: 14.211613
      objectReference: {fileID: 0}
    - target: {fileID: 487243255437973317, guid: fff8356252ea53944a12164768d9b558,
        type: 3}
      propertyPath: m_Size.y
      value: 5.1391068
      objectReference: {fileID: 0}
    - target: {fileID: 487243255437973317, guid: fff8356252ea53944a12164768d9b558,
        type: 3}
      propertyPath: m_Size.z
      value: 16.374012
      objectReference: {fileID: 0}
    - target: {fileID: 487243255437973317, guid: fff8356252ea53944a12164768d9b558,
        type: 3}
      propertyPath: m_Center.x
      value: -0.024168015
      objectReference: {fileID: 0}
    - target: {fileID: 487243255437973317, guid: fff8356252ea53944a12164768d9b558,
        type: 3}
      propertyPath: m_Center.y
      value: -0.30750656
      objectReference: {fileID: 0}
    - target: {fileID: 487243255437973317, guid: fff8356252ea53944a12164768d9b558,
        type: 3}
      propertyPath: m_Center.z
      value: 1.5423298
      objectReference: {fileID: 0}
    - target: {fileID: 918219066823269465, guid: fff8356252ea53944a12164768d9b558,
        type: 3}
      propertyPath: m_IsActive
      value: 1
      objectReference: {fileID: 0}
    - target: {fileID: 1417693665624029033, guid: fff8356252ea53944a12164768d9b558,
        type: 3}
      propertyPath: m_Name
      value: Area Data
      objectReference: {fileID: 0}
    - target: {fileID: 4268913019039595364, guid: fff8356252ea53944a12164768d9b558,
        type: 3}
      propertyPath: rootObj
      value: 
      objectReference: {fileID: 3092866258958085086}
    - target: {fileID: 4268913019039595364, guid: fff8356252ea53944a12164768d9b558,
        type: 3}
      propertyPath: autoMapSprite
      value: 0
      objectReference: {fileID: 0}
    - target: {fileID: 4268913019039595364, guid: fff8356252ea53944a12164768d9b558,
        type: 3}
      propertyPath: pathWays.Array.size
      value: 2
      objectReference: {fileID: 0}
    - target: {fileID: 4268913019039595364, guid: fff8356252ea53944a12164768d9b558,
        type: 3}
      propertyPath: pathWays.Array.data[1]
      value: 
      objectReference: {fileID: 5985714295973518144}
    - target: {fileID: 4268913019039595364, guid: fff8356252ea53944a12164768d9b558,
        type: 3}
      propertyPath: pathWays.Array.data[2]
      value: 
      objectReference: {fileID: 0}
    - target: {fileID: 4945616035239628671, guid: fff8356252ea53944a12164768d9b558,
        type: 3}
      propertyPath: m_LocalPosition.x
      value: 8
      objectReference: {fileID: 0}
    - target: {fileID: 4945616035239628671, guid: fff8356252ea53944a12164768d9b558,
        type: 3}
      propertyPath: m_LocalPosition.y
      value: -1
      objectReference: {fileID: 0}
    - target: {fileID: 4945616035239628671, guid: fff8356252ea53944a12164768d9b558,
        type: 3}
      propertyPath: m_LocalPosition.z
      value: -4.5
      objectReference: {fileID: 0}
    - target: {fileID: 4945616035239628671, guid: fff8356252ea53944a12164768d9b558,
        type: 3}
      propertyPath: m_LocalRotation.w
      value: 0.70710653
      objectReference: {fileID: 0}
    - target: {fileID: 4945616035239628671, guid: fff8356252ea53944a12164768d9b558,
        type: 3}
      propertyPath: m_LocalRotation.x
      value: -0
      objectReference: {fileID: 0}
    - target: {fileID: 4945616035239628671, guid: fff8356252ea53944a12164768d9b558,
        type: 3}
      propertyPath: m_LocalRotation.y
      value: 0.70710707
      objectReference: {fileID: 0}
    - target: {fileID: 4945616035239628671, guid: fff8356252ea53944a12164768d9b558,
        type: 3}
      propertyPath: m_LocalRotation.z
      value: -0
      objectReference: {fileID: 0}
    - target: {fileID: 4945616035239628671, guid: fff8356252ea53944a12164768d9b558,
        type: 3}
      propertyPath: m_LocalEulerAnglesHint.y
      value: 90.00001
      objectReference: {fileID: 0}
    - target: {fileID: 6391699724059656138, guid: fff8356252ea53944a12164768d9b558,
        type: 3}
      propertyPath: m_RootOrder
      value: 0
      objectReference: {fileID: 0}
    - target: {fileID: 6391699724059656138, guid: fff8356252ea53944a12164768d9b558,
        type: 3}
      propertyPath: m_LocalPosition.x
      value: 0
      objectReference: {fileID: 0}
    - target: {fileID: 6391699724059656138, guid: fff8356252ea53944a12164768d9b558,
        type: 3}
      propertyPath: m_LocalPosition.y
      value: 0
      objectReference: {fileID: 0}
    - target: {fileID: 6391699724059656138, guid: fff8356252ea53944a12164768d9b558,
        type: 3}
      propertyPath: m_LocalPosition.z
      value: 0
      objectReference: {fileID: 0}
    - target: {fileID: 6391699724059656138, guid: fff8356252ea53944a12164768d9b558,
        type: 3}
      propertyPath: m_LocalRotation.w
      value: 1
      objectReference: {fileID: 0}
    - target: {fileID: 6391699724059656138, guid: fff8356252ea53944a12164768d9b558,
        type: 3}
      propertyPath: m_LocalRotation.x
      value: -0
      objectReference: {fileID: 0}
    - target: {fileID: 6391699724059656138, guid: fff8356252ea53944a12164768d9b558,
        type: 3}
      propertyPath: m_LocalRotation.y
      value: -0
      objectReference: {fileID: 0}
    - target: {fileID: 6391699724059656138, guid: fff8356252ea53944a12164768d9b558,
        type: 3}
      propertyPath: m_LocalRotation.z
      value: -0
      objectReference: {fileID: 0}
    - target: {fileID: 6391699724059656138, guid: fff8356252ea53944a12164768d9b558,
        type: 3}
      propertyPath: m_LocalEulerAnglesHint.x
      value: 0
      objectReference: {fileID: 0}
    - target: {fileID: 6391699724059656138, guid: fff8356252ea53944a12164768d9b558,
        type: 3}
      propertyPath: m_LocalEulerAnglesHint.y
      value: 0
      objectReference: {fileID: 0}
    - target: {fileID: 6391699724059656138, guid: fff8356252ea53944a12164768d9b558,
        type: 3}
      propertyPath: m_LocalEulerAnglesHint.z
      value: 0
      objectReference: {fileID: 0}
    - target: {fileID: 8454782418898906193, guid: fff8356252ea53944a12164768d9b558,
        type: 3}
      propertyPath: m_LocalScale.x
      value: 1.3221145
      objectReference: {fileID: 0}
    - target: {fileID: 8454782418898906193, guid: fff8356252ea53944a12164768d9b558,
        type: 3}
      propertyPath: m_LocalScale.y
      value: 1.3221145
      objectReference: {fileID: 0}
    - target: {fileID: 8454782418898906193, guid: fff8356252ea53944a12164768d9b558,
        type: 3}
      propertyPath: m_LocalScale.z
      value: 1.3221145
      objectReference: {fileID: 0}
    - target: {fileID: 8454782418898906193, guid: fff8356252ea53944a12164768d9b558,
        type: 3}
      propertyPath: m_LocalPosition.x
      value: -0.06
      objectReference: {fileID: 0}
    - target: {fileID: 8454782418898906193, guid: fff8356252ea53944a12164768d9b558,
        type: 3}
      propertyPath: m_LocalPosition.y
      value: -0
      objectReference: {fileID: 0}
    - target: {fileID: 8454782418898906193, guid: fff8356252ea53944a12164768d9b558,
        type: 3}
      propertyPath: m_LocalPosition.z
      value: 1.59
      objectReference: {fileID: 0}
    - target: {fileID: 8454782418898906193, guid: fff8356252ea53944a12164768d9b558,
        type: 3}
      propertyPath: m_LocalRotation.w
      value: 0.50000024
      objectReference: {fileID: 0}
    - target: {fileID: 8454782418898906193, guid: fff8356252ea53944a12164768d9b558,
        type: 3}
      propertyPath: m_LocalRotation.x
      value: 0.50000024
      objectReference: {fileID: 0}
    - target: {fileID: 8454782418898906193, guid: fff8356252ea53944a12164768d9b558,
        type: 3}
      propertyPath: m_LocalRotation.y
      value: 0.49999985
      objectReference: {fileID: 0}
    - target: {fileID: 8454782418898906193, guid: fff8356252ea53944a12164768d9b558,
        type: 3}
      propertyPath: m_LocalRotation.z
      value: -0.4999998
      objectReference: {fileID: 0}
    - target: {fileID: 8454782418898906193, guid: fff8356252ea53944a12164768d9b558,
        type: 3}
      propertyPath: m_LocalEulerAnglesHint.x
      value: 90.00001
      objectReference: {fileID: 0}
    - target: {fileID: 8454782418898906193, guid: fff8356252ea53944a12164768d9b558,
        type: 3}
      propertyPath: m_LocalEulerAnglesHint.z
      value: -90.00001
      objectReference: {fileID: 0}
    - target: {fileID: 8554362572521944820, guid: fff8356252ea53944a12164768d9b558,
        type: 3}
      propertyPath: m_Sprite
      value: 
      objectReference: {fileID: 21300000, guid: fe85d005cead3c1418988c16017de4e3,
        type: 3}
    - target: {fileID: 8554362572521944820, guid: fff8356252ea53944a12164768d9b558,
        type: 3}
      propertyPath: m_Color.b
      value: 1
      objectReference: {fileID: 0}
    - target: {fileID: 8554362572521944820, guid: fff8356252ea53944a12164768d9b558,
        type: 3}
      propertyPath: m_Color.g
      value: 0.4156863
      objectReference: {fileID: 0}
    - target: {fileID: 8554362572521944820, guid: fff8356252ea53944a12164768d9b558,
        type: 3}
      propertyPath: m_Color.r
      value: 0.2971698
      objectReference: {fileID: 0}
    m_RemovedComponents: []
  m_SourcePrefab: {fileID: 100100000, guid: fff8356252ea53944a12164768d9b558, type: 3}
--- !u!4 &3865329034369582252 stripped
Transform:
  m_CorrespondingSourceObject: {fileID: 6391699724059656138, guid: fff8356252ea53944a12164768d9b558,
    type: 3}
  m_PrefabInstance: {fileID: 7860902650384218982}
  m_PrefabAsset: {fileID: 0}
--- !u!1001 &8567688891732376011
PrefabInstance:
  m_ObjectHideFlags: 0
  serializedVersion: 2
  m_Modification:
    m_TransformParent: {fileID: 3865329034369582252}
    m_Modifications:
    - target: {fileID: 3827401120674770307, guid: ab2609a0cfac8fb4ebe15482fea3d255,
        type: 3}
      propertyPath: m_RootOrder
      value: 2
      objectReference: {fileID: 0}
    - target: {fileID: 3827401120674770307, guid: ab2609a0cfac8fb4ebe15482fea3d255,
        type: 3}
      propertyPath: m_LocalPosition.x
      value: -8
      objectReference: {fileID: 0}
    - target: {fileID: 3827401120674770307, guid: ab2609a0cfac8fb4ebe15482fea3d255,
        type: 3}
      propertyPath: m_LocalPosition.y
      value: -1
      objectReference: {fileID: 0}
    - target: {fileID: 3827401120674770307, guid: ab2609a0cfac8fb4ebe15482fea3d255,
        type: 3}
      propertyPath: m_LocalPosition.z
      value: -4.5
      objectReference: {fileID: 0}
    - target: {fileID: 3827401120674770307, guid: ab2609a0cfac8fb4ebe15482fea3d255,
        type: 3}
      propertyPath: m_LocalRotation.w
      value: 0.7071071
      objectReference: {fileID: 0}
    - target: {fileID: 3827401120674770307, guid: ab2609a0cfac8fb4ebe15482fea3d255,
        type: 3}
      propertyPath: m_LocalRotation.x
      value: -0
      objectReference: {fileID: 0}
    - target: {fileID: 3827401120674770307, guid: ab2609a0cfac8fb4ebe15482fea3d255,
        type: 3}
      propertyPath: m_LocalRotation.y
      value: -0.7071065
      objectReference: {fileID: 0}
    - target: {fileID: 3827401120674770307, guid: ab2609a0cfac8fb4ebe15482fea3d255,
        type: 3}
      propertyPath: m_LocalRotation.z
      value: -0
      objectReference: {fileID: 0}
    - target: {fileID: 3827401120674770307, guid: ab2609a0cfac8fb4ebe15482fea3d255,
        type: 3}
      propertyPath: m_LocalEulerAnglesHint.x
      value: 0
      objectReference: {fileID: 0}
    - target: {fileID: 3827401120674770307, guid: ab2609a0cfac8fb4ebe15482fea3d255,
        type: 3}
      propertyPath: m_LocalEulerAnglesHint.y
      value: -90.00001
      objectReference: {fileID: 0}
    - target: {fileID: 3827401120674770307, guid: ab2609a0cfac8fb4ebe15482fea3d255,
        type: 3}
      propertyPath: m_LocalEulerAnglesHint.z
      value: 0
      objectReference: {fileID: 0}
    - target: {fileID: 8935671478945291720, guid: ab2609a0cfac8fb4ebe15482fea3d255,
        type: 3}
      propertyPath: m_Name
      value: Pathway (1)
      objectReference: {fileID: 0}
    - target: {fileID: 8935671478945291720, guid: ab2609a0cfac8fb4ebe15482fea3d255,
        type: 3}
      propertyPath: m_Layer
      value: 17
      objectReference: {fileID: 0}
    m_RemovedComponents: []
  m_SourcePrefab: {fileID: 100100000, guid: ab2609a0cfac8fb4ebe15482fea3d255, type: 3}
--- !u!114 &5985714295973518144 stripped
MonoBehaviour:
  m_CorrespondingSourceObject: {fileID: 2735669416405377675, guid: ab2609a0cfac8fb4ebe15482fea3d255,
    type: 3}
  m_PrefabInstance: {fileID: 8567688891732376011}
  m_PrefabAsset: {fileID: 0}
  m_GameObject: {fileID: 0}
  m_Enabled: 1
  m_EditorHideFlags: 0
  m_Script: {fileID: 11500000, guid: e99ae58be9ce0e545bc4c3ad8fee5074, type: 3}
  m_Name: 
  m_EditorClassIdentifier: 
