%YAML 1.1
%TAG !u! tag:unity3d.com,2011:
--- !u!1 &1022226499948198328
GameObject:
  m_ObjectHideFlags: 0
  m_CorrespondingSourceObject: {fileID: 0}
  m_PrefabInstance: {fileID: 0}
  m_PrefabAsset: {fileID: 0}
  serializedVersion: 6
  m_Component:
  - component: {fileID: 480586337499071106}
  - component: {fileID: 4159511053813406005}
  m_Layer: 27
  m_Name: IdleSound
  m_TagString: Untagged
  m_Icon: {fileID: 0}
  m_NavMeshLayer: 0
  m_StaticEditorFlags: 0
  m_IsActive: 1
--- !u!4 &480586337499071106
Transform:
  m_ObjectHideFlags: 0
  m_CorrespondingSourceObject: {fileID: 0}
  m_PrefabInstance: {fileID: 0}
  m_PrefabAsset: {fileID: 0}
  m_GameObject: {fileID: 1022226499948198328}
  m_LocalRotation: {x: 0, y: 0, z: 0, w: 1}
  m_LocalPosition: {x: 0, y: 0, z: 0}
  m_LocalScale: {x: 1, y: 1, z: 1}
  m_Children: []
  m_Father: {fileID: 4120269423800961589}
  m_RootOrder: 3
  m_LocalEulerAnglesHint: {x: 0, y: 0, z: 0}
--- !u!82 &4159511053813406005
AudioSource:
  m_ObjectHideFlags: 0
  m_CorrespondingSourceObject: {fileID: 0}
  m_PrefabInstance: {fileID: 0}
  m_PrefabAsset: {fileID: 0}
  m_GameObject: {fileID: 1022226499948198328}
  m_Enabled: 1
  serializedVersion: 4
  OutputAudioMixerGroup: {fileID: 24300002, guid: 536e37b79e580aa418dafd201d56217e,
    type: 2}
  m_audioClip: {fileID: 8300000, guid: 6507ec89e1fa6794aabbb6180d08afb8, type: 3}
  m_PlayOnAwake: 1
  m_Volume: 0.2
  m_Pitch: 1
  Loop: 1
  Mute: 0
  Spatialize: 0
  SpatializePostEffects: 0
  Priority: 128
  DopplerLevel: 0
  MinDistance: 1
  MaxDistance: 10
  Pan2D: 0
  rolloffMode: 1
  BypassEffects: 0
  BypassListenerEffects: 0
  BypassReverbZones: 0
  rolloffCustomCurve:
    serializedVersion: 2
    m_Curve:
    - serializedVersion: 3
      time: 0
      value: 1
      inSlope: 0
      outSlope: 0
      tangentMode: 0
      weightedMode: 0
      inWeight: 0.33333334
      outWeight: 0.33333334
    - serializedVersion: 3
      time: 1
      value: 0
      inSlope: 0
      outSlope: 0
      tangentMode: 0
      weightedMode: 0
      inWeight: 0.33333334
      outWeight: 0.33333334
    m_PreInfinity: 2
    m_PostInfinity: 2
    m_RotationOrder: 4
  panLevelCustomCurve:
    serializedVersion: 2
    m_Curve:
    - serializedVersion: 3
      time: 0
      value: 1
      inSlope: 0
      outSlope: 0
      tangentMode: 0
      weightedMode: 0
      inWeight: 0.33333334
      outWeight: 0.33333334
    m_PreInfinity: 2
    m_PostInfinity: 2
    m_RotationOrder: 4
  spreadCustomCurve:
    serializedVersion: 2
    m_Curve:
    - serializedVersion: 3
      time: 0
      value: 0
      inSlope: 0
      outSlope: 0
      tangentMode: 0
      weightedMode: 0
      inWeight: 0.33333334
      outWeight: 0.33333334
    m_PreInfinity: 2
    m_PostInfinity: 2
    m_RotationOrder: 4
  reverbZoneMixCustomCurve:
    serializedVersion: 2
    m_Curve:
    - serializedVersion: 3
      time: 0
      value: 1
      inSlope: 0
      outSlope: 0
      tangentMode: 0
      weightedMode: 0
      inWeight: 0.33333334
      outWeight: 0.33333334
    m_PreInfinity: 2
    m_PostInfinity: 2
    m_RotationOrder: 4
--- !u!82 &7523805172636427506
AudioSource:
  m_ObjectHideFlags: 0
  m_CorrespondingSourceObject: {fileID: 0}
  m_PrefabInstance: {fileID: 0}
  m_PrefabAsset: {fileID: 0}
  m_GameObject: {fileID: 1471106681891748816}
  m_Enabled: 0
  serializedVersion: 4
  OutputAudioMixerGroup: {fileID: 24300002, guid: 536e37b79e580aa418dafd201d56217e,
    type: 2}
  m_audioClip: {fileID: 8300000, guid: 4488b2c607f97ef40a50b6346d1f5fbf, type: 3}
  m_PlayOnAwake: 1
  m_Volume: 0.4
  m_Pitch: 1
  Loop: 0
  Mute: 0
  Spatialize: 0
  SpatializePostEffects: 0
  Priority: 128
  DopplerLevel: 0
  MinDistance: 1
  MaxDistance: 10
  Pan2D: 0
  rolloffMode: 1
  BypassEffects: 0
  BypassListenerEffects: 0
  BypassReverbZones: 0
  rolloffCustomCurve:
    serializedVersion: 2
    m_Curve:
    - serializedVersion: 3
      time: 0
      value: 1
      inSlope: 0
      outSlope: 0
      tangentMode: 0
      weightedMode: 0
      inWeight: 0.33333334
      outWeight: 0.33333334
    - serializedVersion: 3
      time: 1
      value: 0
      inSlope: 0
      outSlope: 0
      tangentMode: 0
      weightedMode: 0
      inWeight: 0.33333334
      outWeight: 0.33333334
    m_PreInfinity: 2
    m_PostInfinity: 2
    m_RotationOrder: 4
  panLevelCustomCurve:
    serializedVersion: 2
    m_Curve:
    - serializedVersion: 3
      time: 0
      value: 1
      inSlope: 0
      outSlope: 0
      tangentMode: 0
      weightedMode: 0
      inWeight: 0.33333334
      outWeight: 0.33333334
    m_PreInfinity: 2
    m_PostInfinity: 2
    m_RotationOrder: 4
  spreadCustomCurve:
    serializedVersion: 2
    m_Curve:
    - serializedVersion: 3
      time: 0
      value: 0
      inSlope: 0
      outSlope: 0
      tangentMode: 0
      weightedMode: 0
      inWeight: 0.33333334
      outWeight: 0.33333334
    m_PreInfinity: 2
    m_PostInfinity: 2
    m_RotationOrder: 4
  reverbZoneMixCustomCurve:
    serializedVersion: 2
    m_Curve:
    - serializedVersion: 3
      time: 0
      value: 1
      inSlope: 0
      outSlope: 0
      tangentMode: 0
      weightedMode: 0
      inWeight: 0.33333334
      outWeight: 0.33333334
    m_PreInfinity: 2
    m_PostInfinity: 2
    m_RotationOrder: 4
--- !u!82 &7162125964508655323
AudioSource:
  m_ObjectHideFlags: 0
  m_CorrespondingSourceObject: {fileID: 0}
  m_PrefabInstance: {fileID: 0}
  m_PrefabAsset: {fileID: 0}
  m_GameObject: {fileID: 2524780735668743311}
  m_Enabled: 1
  serializedVersion: 4
  OutputAudioMixerGroup: {fileID: 24300002, guid: 536e37b79e580aa418dafd201d56217e,
    type: 2}
  m_audioClip: {fileID: 8300000, guid: 6461459a70ca0ba4c80bbbe5a9363ef9, type: 3}
  m_PlayOnAwake: 1
  m_Volume: 0.2
  m_Pitch: 1
  Loop: 0
  Mute: 0
  Spatialize: 0
  SpatializePostEffects: 0
  Priority: 128
  DopplerLevel: 1
  MinDistance: 1
  MaxDistance: 15
  Pan2D: 0
  rolloffMode: 1
  BypassEffects: 0
  BypassListenerEffects: 0
  BypassReverbZones: 0
  rolloffCustomCurve:
    serializedVersion: 2
    m_Curve:
    - serializedVersion: 3
      time: 0
      value: 1
      inSlope: 0
      outSlope: 0
      tangentMode: 0
      weightedMode: 0
      inWeight: 0.33333334
      outWeight: 0.33333334
    - serializedVersion: 3
      time: 1
      value: 0
      inSlope: 0
      outSlope: 0
      tangentMode: 0
      weightedMode: 0
      inWeight: 0.33333334
      outWeight: 0.33333334
    m_PreInfinity: 2
    m_PostInfinity: 2
    m_RotationOrder: 4
  panLevelCustomCurve:
    serializedVersion: 2
    m_Curve:
    - serializedVersion: 3
      time: 0
      value: 1
      inSlope: 0
      outSlope: 0
      tangentMode: 0
      weightedMode: 0
      inWeight: 0.33333334
      outWeight: 0.33333334
    m_PreInfinity: 2
    m_PostInfinity: 2
    m_RotationOrder: 4
  spreadCustomCurve:
    serializedVersion: 2
    m_Curve:
    - serializedVersion: 3
      time: 0
      value: 0
      inSlope: 0
      outSlope: 0
      tangentMode: 0
      weightedMode: 0
      inWeight: 0.33333334
      outWeight: 0.33333334
    m_PreInfinity: 2
    m_PostInfinity: 2
    m_RotationOrder: 4
  reverbZoneMixCustomCurve:
    serializedVersion: 2
    m_Curve:
    - serializedVersion: 3
      time: 0
      value: 1
      inSlope: 0
      outSlope: 0
      tangentMode: 0
      weightedMode: 0
      inWeight: 0.33333334
      outWeight: 0.33333334
    m_PreInfinity: 2
    m_PostInfinity: 2
    m_RotationOrder: 4
--- !u!1 &2887978316900152639
GameObject:
  m_ObjectHideFlags: 0
  m_CorrespondingSourceObject: {fileID: 0}
  m_PrefabInstance: {fileID: 0}
  m_PrefabAsset: {fileID: 0}
  serializedVersion: 6
  m_Component:
  - component: {fileID: 1395502152149735187}
  m_Layer: 27
  m_Name: Graphic
  m_TagString: Untagged
  m_Icon: {fileID: 0}
  m_NavMeshLayer: 0
  m_StaticEditorFlags: 0
  m_IsActive: 1
--- !u!4 &1395502152149735187
Transform:
  m_ObjectHideFlags: 0
  m_CorrespondingSourceObject: {fileID: 0}
  m_PrefabInstance: {fileID: 0}
  m_PrefabAsset: {fileID: 0}
  m_GameObject: {fileID: 2887978316900152639}
  m_LocalRotation: {x: 0, y: 0, z: 0, w: 1}
  m_LocalPosition: {x: 0, y: 0, z: 0}
  m_LocalScale: {x: 1, y: 1, z: 1}
  m_Children:
  - {fileID: 4120269423800961589}
  m_Father: {fileID: 1826491370496004342}
  m_RootOrder: 3
  m_LocalEulerAnglesHint: {x: 0, y: 0, z: 0}
--- !u!1 &3537092252022441530
GameObject:
  m_ObjectHideFlags: 0
  m_CorrespondingSourceObject: {fileID: 0}
  m_PrefabInstance: {fileID: 0}
  m_PrefabAsset: {fileID: 0}
  serializedVersion: 6
  m_Component:
  - component: {fileID: 1024257877326110311}
  - component: {fileID: 6578396544942260680}
  m_Layer: 0
  m_Name: Effects
  m_TagString: Untagged
  m_Icon: {fileID: 0}
  m_NavMeshLayer: 0
  m_StaticEditorFlags: 0
  m_IsActive: 1
--- !u!4 &1024257877326110311
Transform:
  m_ObjectHideFlags: 0
  m_CorrespondingSourceObject: {fileID: 0}
  m_PrefabInstance: {fileID: 0}
  m_PrefabAsset: {fileID: 0}
  m_GameObject: {fileID: 3537092252022441530}
  m_LocalRotation: {x: -0, y: -0, z: -0, w: 1}
  m_LocalPosition: {x: 0, y: 0, z: 0}
  m_LocalScale: {x: 1, y: 1, z: 1}
  m_Children: []
  m_Father: {fileID: 1826491370496004342}
  m_RootOrder: 10
  m_LocalEulerAnglesHint: {x: 0, y: 0, z: 0}
--- !u!114 &6578396544942260680
MonoBehaviour:
  m_ObjectHideFlags: 0
  m_CorrespondingSourceObject: {fileID: 0}
  m_PrefabInstance: {fileID: 0}
  m_PrefabAsset: {fileID: 0}
  m_GameObject: {fileID: 3537092252022441530}
  m_Enabled: 1
  m_EditorHideFlags: 0
  m_Script: {fileID: 11500000, guid: 52a62ca5f73c1154e97145677a60c505, type: 3}
  m_Name: 
  m_EditorClassIdentifier: 
  meshRender: {fileID: 6841126892532936262}
  flashColor: {r: 1, g: 0.495283, b: 0.495283, a: 1}
--- !u!82 &8699533250716016977
AudioSource:
  m_ObjectHideFlags: 0
  m_CorrespondingSourceObject: {fileID: 0}
  m_PrefabInstance: {fileID: 0}
  m_PrefabAsset: {fileID: 0}
  m_GameObject: {fileID: 3631576514648019087}
  m_Enabled: 0
  serializedVersion: 4
  OutputAudioMixerGroup: {fileID: 24300002, guid: 536e37b79e580aa418dafd201d56217e,
    type: 2}
  m_audioClip: {fileID: 8300000, guid: 4488b2c607f97ef40a50b6346d1f5fbf, type: 3}
  m_PlayOnAwake: 1
  m_Volume: 0.4
  m_Pitch: 1
  Loop: 0
  Mute: 0
  Spatialize: 0
  SpatializePostEffects: 0
  Priority: 128
  DopplerLevel: 0
  MinDistance: 1
  MaxDistance: 10
  Pan2D: 0
  rolloffMode: 1
  BypassEffects: 0
  BypassListenerEffects: 0
  BypassReverbZones: 0
  rolloffCustomCurve:
    serializedVersion: 2
    m_Curve:
    - serializedVersion: 3
      time: 0
      value: 1
      inSlope: 0
      outSlope: 0
      tangentMode: 0
      weightedMode: 0
      inWeight: 0.33333334
      outWeight: 0.33333334
    - serializedVersion: 3
      time: 1
      value: 0
      inSlope: 0
      outSlope: 0
      tangentMode: 0
      weightedMode: 0
      inWeight: 0.33333334
      outWeight: 0.33333334
    m_PreInfinity: 2
    m_PostInfinity: 2
    m_RotationOrder: 4
  panLevelCustomCurve:
    serializedVersion: 2
    m_Curve:
    - serializedVersion: 3
      time: 0
      value: 1
      inSlope: 0
      outSlope: 0
      tangentMode: 0
      weightedMode: 0
      inWeight: 0.33333334
      outWeight: 0.33333334
    m_PreInfinity: 2
    m_PostInfinity: 2
    m_RotationOrder: 4
  spreadCustomCurve:
    serializedVersion: 2
    m_Curve:
    - serializedVersion: 3
      time: 0
      value: 0
      inSlope: 0
      outSlope: 0
      tangentMode: 0
      weightedMode: 0
      inWeight: 0.33333334
      outWeight: 0.33333334
    m_PreInfinity: 2
    m_PostInfinity: 2
    m_RotationOrder: 4
  reverbZoneMixCustomCurve:
    serializedVersion: 2
    m_Curve:
    - serializedVersion: 3
      time: 0
      value: 1
      inSlope: 0
      outSlope: 0
      tangentMode: 0
      weightedMode: 0
      inWeight: 0.33333334
      outWeight: 0.33333334
    m_PreInfinity: 2
    m_PostInfinity: 2
    m_RotationOrder: 4
--- !u!1 &4141142297422974079
GameObject:
  m_ObjectHideFlags: 0
  m_CorrespondingSourceObject: {fileID: 0}
  m_PrefabInstance: {fileID: 0}
  m_PrefabAsset: {fileID: 0}
  serializedVersion: 6
  m_Component:
  - component: {fileID: 1826491370496004342}
  - component: {fileID: 584279944347465207}
  - component: {fileID: 7701646684933119460}
  - component: {fileID: 579420083044238912}
  - component: {fileID: 7080990339393730960}
  m_Layer: 27
  m_Name: Enemy_Basic
  m_TagString: Untagged
  m_Icon: {fileID: 0}
  m_NavMeshLayer: 0
  m_StaticEditorFlags: 0
  m_IsActive: 1
--- !u!4 &1826491370496004342
Transform:
  m_ObjectHideFlags: 0
  m_CorrespondingSourceObject: {fileID: 0}
  m_PrefabInstance: {fileID: 0}
  m_PrefabAsset: {fileID: 0}
  m_GameObject: {fileID: 4141142297422974079}
  m_LocalRotation: {x: -0, y: -0, z: -0, w: 1}
  m_LocalPosition: {x: 0, y: 0, z: 0}
  m_LocalScale: {x: 1, y: 1, z: 1}
  m_Children:
  - {fileID: 3156717651396770373}
  - {fileID: 8550419083625578594}
  - {fileID: 4633712288139166857}
  - {fileID: 1395502152149735187}
  - {fileID: 3426122422133945224}
  - {fileID: 1349949694162330302}
  - {fileID: 5038464303042964322}
  - {fileID: 3306212416101004696}
  - {fileID: 1303040924703382721}
  - {fileID: 2524780735669170351}
  - {fileID: 1024257877326110311}
  m_Father: {fileID: 0}
  m_RootOrder: 0
  m_LocalEulerAnglesHint: {x: 0, y: 0, z: 0}
--- !u!195 &584279944347465207
NavMeshAgent:
  m_ObjectHideFlags: 0
  m_CorrespondingSourceObject: {fileID: 0}
  m_PrefabInstance: {fileID: 0}
  m_PrefabAsset: {fileID: 0}
  m_GameObject: {fileID: 4141142297422974079}
  m_Enabled: 1
  m_AgentTypeID: 0
  m_Radius: 0.65
  m_Speed: 1.5
  m_Acceleration: 3
  avoidancePriority: 50
  m_AngularSpeed: 360
  m_StoppingDistance: 1.6
  m_AutoTraverseOffMeshLink: 1
  m_AutoBraking: 0
  m_AutoRepath: 1
  m_Height: 2
  m_BaseOffset: 0
  m_WalkableMask: 5
  m_ObstacleAvoidanceType: 4
--- !u!114 &7701646684933119460
MonoBehaviour:
  m_ObjectHideFlags: 0
  m_CorrespondingSourceObject: {fileID: 0}
  m_PrefabInstance: {fileID: 0}
  m_PrefabAsset: {fileID: 0}
  m_GameObject: {fileID: 4141142297422974079}
  m_Enabled: 1
  m_EditorHideFlags: 0
  m_Script: {fileID: 11500000, guid: 52388275aa45f3e4598e84c257dce545, type: 3}
  m_Name: 
  m_EditorClassIdentifier: 
  maxHP: 100
  currentHP: 0
  onDieEvent:
    m_PersistentCalls:
      m_Calls:
      - m_Target: {fileID: 579420083044238912}
        m_MethodName: OnDie
        m_Mode: 1
        m_Arguments:
          m_ObjectArgument: {fileID: 0}
          m_ObjectArgumentAssemblyTypeName: UnityEngine.Object, UnityEngine
          m_IntArgument: 0
          m_FloatArgument: 0
          m_StringArgument: 
          m_BoolArgument: 0
        m_CallState: 2
      - m_Target: {fileID: 2524780735668743311}
        m_MethodName: SetActive
        m_Mode: 6
        m_Arguments:
          m_ObjectArgument: {fileID: 0}
          m_ObjectArgumentAssemblyTypeName: UnityEngine.Object, UnityEngine
          m_IntArgument: 0
          m_FloatArgument: 0
          m_StringArgument: 
          m_BoolArgument: 1
        m_CallState: 2
      - m_Target: {fileID: 3052256203851719693}
        m_MethodName: Play
        m_Mode: 1
        m_Arguments:
          m_ObjectArgument: {fileID: 0}
          m_ObjectArgumentAssemblyTypeName: UnityEngine.Object, UnityEngine
          m_IntArgument: 0
          m_FloatArgument: 0
          m_StringArgument: 
          m_BoolArgument: 1
        m_CallState: 2
      - m_Target: {fileID: 1022226499948198328}
        m_MethodName: SetActive
        m_Mode: 6
        m_Arguments:
          m_ObjectArgument: {fileID: 0}
          m_ObjectArgumentAssemblyTypeName: UnityEngine.Object, UnityEngine
          m_IntArgument: 0
          m_FloatArgument: 0
          m_StringArgument: 
          m_BoolArgument: 0
        m_CallState: 2
      - m_Target: {fileID: 5569504553642743329}
        m_MethodName: SetActive
        m_Mode: 6
        m_Arguments:
          m_ObjectArgument: {fileID: 0}
          m_ObjectArgumentAssemblyTypeName: UnityEngine.Object, UnityEngine
          m_IntArgument: 0
          m_FloatArgument: 0
          m_StringArgument: 
          m_BoolArgument: 0
        m_CallState: 2
      - m_Target: {fileID: 5038464303042869058}
        m_MethodName: SetActive
        m_Mode: 6
        m_Arguments:
          m_ObjectArgument: {fileID: 0}
          m_ObjectArgumentAssemblyTypeName: UnityEngine.Object, UnityEngine
          m_IntArgument: 0
          m_FloatArgument: 0
          m_StringArgument: 
          m_BoolArgument: 0
        m_CallState: 2
  onDamageEvent:
    m_PersistentCalls:
      m_Calls:
      - m_Target: {fileID: 3410171216301872484}
        m_MethodName: Play
        m_Mode: 1
        m_Arguments:
          m_ObjectArgument: {fileID: 0}
          m_ObjectArgumentAssemblyTypeName: UnityEngine.Object, UnityEngine
          m_IntArgument: 0
          m_FloatArgument: 0
          m_StringArgument: 
          m_BoolArgument: 0
        m_CallState: 2
      - m_Target: {fileID: 2068993141938631775}
        m_MethodName: Play
        m_Mode: 1
        m_Arguments:
          m_ObjectArgument: {fileID: 0}
          m_ObjectArgumentAssemblyTypeName: UnityEngine.Object, UnityEngine
          m_IntArgument: 0
          m_FloatArgument: 0
          m_StringArgument: 
          m_BoolArgument: 0
        m_CallState: 2
      - m_Target: {fileID: 1303040924717537665}
        m_MethodName: Play
        m_Mode: 1
        m_Arguments:
          m_ObjectArgument: {fileID: 0}
          m_ObjectArgumentAssemblyTypeName: UnityEngine.Object, UnityEngine
          m_IntArgument: 0
          m_FloatArgument: 0
          m_StringArgument: 
          m_BoolArgument: 0
        m_CallState: 2
      - m_Target: {fileID: 6578396544942260680}
        m_MethodName: Flash
        m_Mode: 1
        m_Arguments:
          m_ObjectArgument: {fileID: 0}
          m_ObjectArgumentAssemblyTypeName: UnityEngine.Object, UnityEngine
          m_IntArgument: 0
          m_FloatArgument: 0
          m_StringArgument: 
          m_BoolArgument: 0
        m_CallState: 2
  deathScore: 150
  deathParticles: {fileID: 0}
--- !u!114 &579420083044238912
MonoBehaviour:
  m_ObjectHideFlags: 0
  m_CorrespondingSourceObject: {fileID: 0}
  m_PrefabInstance: {fileID: 0}
  m_PrefabAsset: {fileID: 0}
  m_GameObject: {fileID: 4141142297422974079}
  m_Enabled: 1
  m_EditorHideFlags: 0
  m_Script: {fileID: 11500000, guid: cffd22c8952236440bd7fa04de8b0ea0, type: 3}
  m_Name: 
  m_EditorClassIdentifier: 
  anim: {fileID: 8056394244567502927}
  spottedSFX: {fileID: 11400000, guid: af1d591b057147449a902d47e1db02af, type: 2}
  deathSFX: {fileID: 11400000, guid: af1d591b057147449a902d47e1db02af, type: 2}
  ignoreY: 1
  agent: {fileID: 584279944347465207}
  col: {fileID: 3837005100429963263}
  attackTime: 0.5
  windUpTime: 0.8
  attackRange: 1.6
  canAttackCancel: 0
  smoothRotSpeed: -200
  hb: {fileID: 6894964600132946389}
--- !u!54 &7080990339393730960
Rigidbody:
  m_ObjectHideFlags: 0
  m_CorrespondingSourceObject: {fileID: 0}
  m_PrefabInstance: {fileID: 0}
  m_PrefabAsset: {fileID: 0}
  m_GameObject: {fileID: 4141142297422974079}
  serializedVersion: 2
  m_Mass: 1
  m_Drag: 0
  m_AngularDrag: 0.05
  m_UseGravity: 0
  m_IsKinematic: 1
  m_Interpolate: 0
  m_Constraints: 0
  m_CollisionDetection: 0
--- !u!1 &5569504553642743329
GameObject:
  m_ObjectHideFlags: 0
  m_CorrespondingSourceObject: {fileID: 0}
  m_PrefabInstance: {fileID: 0}
  m_PrefabAsset: {fileID: 0}
  serializedVersion: 6
  m_Component:
  - component: {fileID: 4633712288139166857}
  - component: {fileID: 3837005100429963263}
  - component: {fileID: 475087447395409985}
  m_Layer: 30
  m_Name: EnemyCollider
  m_TagString: Untagged
  m_Icon: {fileID: 0}
  m_NavMeshLayer: 0
  m_StaticEditorFlags: 0
  m_IsActive: 1
--- !u!4 &4633712288139166857
Transform:
  m_ObjectHideFlags: 0
  m_CorrespondingSourceObject: {fileID: 0}
  m_PrefabInstance: {fileID: 0}
  m_PrefabAsset: {fileID: 0}
  m_GameObject: {fileID: 5569504553642743329}
  m_LocalRotation: {x: -0.00000005960463, y: 0.0000000013170901, z: 0.00000012775762,
    w: 1}
  m_LocalPosition: {x: 0, y: 0, z: 0}
  m_LocalScale: {x: 1, y: 1, z: 1}
  m_Children: []
  m_Father: {fileID: 1826491370496004342}
  m_RootOrder: 2
  m_LocalEulerAnglesHint: {x: 0, y: 0, z: 0}
--- !u!136 &3837005100429963263
CapsuleCollider:
  m_ObjectHideFlags: 0
  m_CorrespondingSourceObject: {fileID: 0}
  m_PrefabInstance: {fileID: 0}
  m_PrefabAsset: {fileID: 0}
  m_GameObject: {fileID: 5569504553642743329}
  m_Material: {fileID: 0}
  m_IsTrigger: 0
  m_Enabled: 1
  m_Radius: 0.3
  m_Height: 1.688041
  m_Direction: 1
  m_Center: {x: 0.00000059604645, y: 0.9061849, z: 0.00000035762787}
--- !u!114 &475087447395409985
MonoBehaviour:
  m_ObjectHideFlags: 0
  m_CorrespondingSourceObject: {fileID: 0}
  m_PrefabInstance: {fileID: 0}
  m_PrefabAsset: {fileID: 0}
  m_GameObject: {fileID: 5569504553642743329}
  m_Enabled: 1
  m_EditorHideFlags: 0
  m_Script: {fileID: 11500000, guid: 59e39d54e792f3642b5cd3dc4e088eef, type: 3}
  m_Name: 
  m_EditorClassIdentifier: 
  healthRef: {fileID: 7701646684933119460}
  damageMod: 1
  onHitEvents:
    m_PersistentCalls:
      m_Calls: []
--- !u!1 &5635364364631829449
GameObject:
  m_ObjectHideFlags: 0
  m_CorrespondingSourceObject: {fileID: 0}
  m_PrefabInstance: {fileID: 0}
  m_PrefabAsset: {fileID: 0}
  serializedVersion: 6
  m_Component:
  - component: {fileID: 2875374626154836682}
  - component: {fileID: 2039425638403393203}
  m_Layer: 27
  m_Name: AttackSound
  m_TagString: Untagged
  m_Icon: {fileID: 0}
  m_NavMeshLayer: 0
  m_StaticEditorFlags: 0
  m_IsActive: 1
--- !u!4 &2875374626154836682
Transform:
  m_ObjectHideFlags: 0
  m_CorrespondingSourceObject: {fileID: 0}
  m_PrefabInstance: {fileID: 0}
  m_PrefabAsset: {fileID: 0}
  m_GameObject: {fileID: 5635364364631829449}
  m_LocalRotation: {x: 0, y: 0, z: 0, w: 1}
  m_LocalPosition: {x: 0, y: 0, z: 0}
  m_LocalScale: {x: 1, y: 1, z: 1}
  m_Children: []
  m_Father: {fileID: 4120269423800961589}
  m_RootOrder: 2
  m_LocalEulerAnglesHint: {x: 0, y: 0, z: 0}
--- !u!82 &2039425638403393203
AudioSource:
  m_ObjectHideFlags: 0
  m_CorrespondingSourceObject: {fileID: 0}
  m_PrefabInstance: {fileID: 0}
  m_PrefabAsset: {fileID: 0}
  m_GameObject: {fileID: 5635364364631829449}
  m_Enabled: 0
  serializedVersion: 4
  OutputAudioMixerGroup: {fileID: 24300002, guid: 536e37b79e580aa418dafd201d56217e,
    type: 2}
  m_audioClip: {fileID: 8300000, guid: e89977f0f8f8bbf4bb961b048339aeae, type: 3}
  m_PlayOnAwake: 1
  m_Volume: 1
  m_Pitch: 1
  Loop: 0
  Mute: 0
  Spatialize: 0
  SpatializePostEffects: 0
  Priority: 128
  DopplerLevel: 0
  MinDistance: 1
  MaxDistance: 15
  Pan2D: 0
  rolloffMode: 1
  BypassEffects: 0
  BypassListenerEffects: 0
  BypassReverbZones: 0
  rolloffCustomCurve:
    serializedVersion: 2
    m_Curve:
    - serializedVersion: 3
      time: 0
      value: 1
      inSlope: 0
      outSlope: 0
      tangentMode: 0
      weightedMode: 0
      inWeight: 0.33333334
      outWeight: 0.33333334
    - serializedVersion: 3
      time: 1
      value: 0
      inSlope: 0
      outSlope: 0
      tangentMode: 0
      weightedMode: 0
      inWeight: 0.33333334
      outWeight: 0.33333334
    m_PreInfinity: 2
    m_PostInfinity: 2
    m_RotationOrder: 4
  panLevelCustomCurve:
    serializedVersion: 2
    m_Curve:
    - serializedVersion: 3
      time: 0
      value: 1
      inSlope: 0
      outSlope: 0
      tangentMode: 0
      weightedMode: 0
      inWeight: 0.33333334
      outWeight: 0.33333334
    m_PreInfinity: 2
    m_PostInfinity: 2
    m_RotationOrder: 4
  spreadCustomCurve:
    serializedVersion: 2
    m_Curve:
    - serializedVersion: 3
      time: 0
      value: 0
      inSlope: 0
      outSlope: 0
      tangentMode: 0
      weightedMode: 0
      inWeight: 0.33333334
      outWeight: 0.33333334
    m_PreInfinity: 2
    m_PostInfinity: 2
    m_RotationOrder: 4
  reverbZoneMixCustomCurve:
    serializedVersion: 2
    m_Curve:
    - serializedVersion: 3
      time: 0
      value: 1
      inSlope: 0
      outSlope: 0
      tangentMode: 0
      weightedMode: 0
      inWeight: 0.33333334
      outWeight: 0.33333334
    m_PreInfinity: 2
    m_PostInfinity: 2
    m_RotationOrder: 4
--- !u!1 &6253713311002107982
GameObject:
  m_ObjectHideFlags: 0
  m_CorrespondingSourceObject: {fileID: 0}
  m_PrefabInstance: {fileID: 0}
  m_PrefabAsset: {fileID: 0}
  serializedVersion: 6
  m_Component:
  - component: {fileID: 1349949694162330302}
  - component: {fileID: 3052256203851719693}
  m_Layer: 27
  m_Name: DeathSound
  m_TagString: Untagged
  m_Icon: {fileID: 0}
  m_NavMeshLayer: 0
  m_StaticEditorFlags: 0
  m_IsActive: 1
--- !u!4 &1349949694162330302
Transform:
  m_ObjectHideFlags: 0
  m_CorrespondingSourceObject: {fileID: 0}
  m_PrefabInstance: {fileID: 0}
  m_PrefabAsset: {fileID: 0}
  m_GameObject: {fileID: 6253713311002107982}
  m_LocalRotation: {x: 0, y: 0, z: 0, w: 1}
  m_LocalPosition: {x: 0, y: 1.249, z: 0}
  m_LocalScale: {x: 1, y: 1, z: 1}
  m_Children: []
  m_Father: {fileID: 1826491370496004342}
  m_RootOrder: 5
  m_LocalEulerAnglesHint: {x: 0, y: 0, z: 0}
--- !u!82 &3052256203851719693
AudioSource:
  m_ObjectHideFlags: 0
  m_CorrespondingSourceObject: {fileID: 0}
  m_PrefabInstance: {fileID: 0}
  m_PrefabAsset: {fileID: 0}
  m_GameObject: {fileID: 6253713311002107982}
  m_Enabled: 1
  serializedVersion: 4
  OutputAudioMixerGroup: {fileID: 24300002, guid: 536e37b79e580aa418dafd201d56217e,
    type: 2}
  m_audioClip: {fileID: 8300000, guid: 9b6e37ae9d4fac543baffeb7b941bb60, type: 3}
  m_PlayOnAwake: 0
  m_Volume: 0.5
  m_Pitch: 1
  Loop: 0
  Mute: 0
  Spatialize: 0
  SpatializePostEffects: 0
  Priority: 128
  DopplerLevel: 1
  MinDistance: 1
  MaxDistance: 15
  Pan2D: 0
  rolloffMode: 1
  BypassEffects: 0
  BypassListenerEffects: 0
  BypassReverbZones: 0
  rolloffCustomCurve:
    serializedVersion: 2
    m_Curve:
    - serializedVersion: 3
      time: 0
      value: 1
      inSlope: 0
      outSlope: 0
      tangentMode: 0
      weightedMode: 0
      inWeight: 0.33333334
      outWeight: 0.33333334
    - serializedVersion: 3
      time: 1
      value: 0
      inSlope: 0
      outSlope: 0
      tangentMode: 0
      weightedMode: 0
      inWeight: 0.33333334
      outWeight: 0.33333334
    m_PreInfinity: 2
    m_PostInfinity: 2
    m_RotationOrder: 4
  panLevelCustomCurve:
    serializedVersion: 2
    m_Curve:
    - serializedVersion: 3
      time: 0
      value: 1
      inSlope: 0
      outSlope: 0
      tangentMode: 0
      weightedMode: 0
      inWeight: 0.33333334
      outWeight: 0.33333334
    m_PreInfinity: 2
    m_PostInfinity: 2
    m_RotationOrder: 4
  spreadCustomCurve:
    serializedVersion: 2
    m_Curve:
    - serializedVersion: 3
      time: 0
      value: 0
      inSlope: 0
      outSlope: 0
      tangentMode: 0
      weightedMode: 0
      inWeight: 0.33333334
      outWeight: 0.33333334
    m_PreInfinity: 2
    m_PostInfinity: 2
    m_RotationOrder: 4
  reverbZoneMixCustomCurve:
    serializedVersion: 2
    m_Curve:
    - serializedVersion: 3
      time: 0
      value: 1
      inSlope: 0
      outSlope: 0
      tangentMode: 0
      weightedMode: 0
      inWeight: 0.33333334
      outWeight: 0.33333334
    m_PreInfinity: 2
    m_PostInfinity: 2
    m_RotationOrder: 4
--- !u!1 &6584800337423586329
GameObject:
  m_ObjectHideFlags: 0
  m_CorrespondingSourceObject: {fileID: 0}
  m_PrefabInstance: {fileID: 0}
  m_PrefabAsset: {fileID: 0}
  serializedVersion: 6
  m_Component:
  - component: {fileID: 3426122422133945224}
  - component: {fileID: 2068993141938631775}
  m_Layer: 27
  m_Name: ImpactSound
  m_TagString: Untagged
  m_Icon: {fileID: 0}
  m_NavMeshLayer: 0
  m_StaticEditorFlags: 0
  m_IsActive: 1
--- !u!4 &3426122422133945224
Transform:
  m_ObjectHideFlags: 0
  m_CorrespondingSourceObject: {fileID: 0}
  m_PrefabInstance: {fileID: 0}
  m_PrefabAsset: {fileID: 0}
  m_GameObject: {fileID: 6584800337423586329}
  m_LocalRotation: {x: 0, y: 0, z: 0, w: 1}
  m_LocalPosition: {x: 0, y: 1.249, z: 0}
  m_LocalScale: {x: 1, y: 1, z: 1}
  m_Children: []
  m_Father: {fileID: 1826491370496004342}
  m_RootOrder: 4
  m_LocalEulerAnglesHint: {x: 0, y: 0, z: 0}
--- !u!82 &2068993141938631775
AudioSource:
  m_ObjectHideFlags: 0
  m_CorrespondingSourceObject: {fileID: 0}
  m_PrefabInstance: {fileID: 0}
  m_PrefabAsset: {fileID: 0}
  m_GameObject: {fileID: 6584800337423586329}
  m_Enabled: 1
  serializedVersion: 4
  OutputAudioMixerGroup: {fileID: 24300002, guid: 536e37b79e580aa418dafd201d56217e,
    type: 2}
  m_audioClip: {fileID: 8300000, guid: e27c0e781785fde4aad28bb6ad6c800b, type: 3}
  m_PlayOnAwake: 0
  m_Volume: 0.5
  m_Pitch: 1
  Loop: 0
  Mute: 0
  Spatialize: 0
  SpatializePostEffects: 0
  Priority: 128
  DopplerLevel: 1
  MinDistance: 1
  MaxDistance: 15
  Pan2D: 0
  rolloffMode: 1
  BypassEffects: 0
  BypassListenerEffects: 0
  BypassReverbZones: 0
  rolloffCustomCurve:
    serializedVersion: 2
    m_Curve:
    - serializedVersion: 3
      time: 0
      value: 1
      inSlope: 0
      outSlope: 0
      tangentMode: 0
      weightedMode: 0
      inWeight: 0.33333334
      outWeight: 0.33333334
    - serializedVersion: 3
      time: 1
      value: 0
      inSlope: 0
      outSlope: 0
      tangentMode: 0
      weightedMode: 0
      inWeight: 0.33333334
      outWeight: 0.33333334
    m_PreInfinity: 2
    m_PostInfinity: 2
    m_RotationOrder: 4
  panLevelCustomCurve:
    serializedVersion: 2
    m_Curve:
    - serializedVersion: 3
      time: 0
      value: 1
      inSlope: 0
      outSlope: 0
      tangentMode: 0
      weightedMode: 0
      inWeight: 0.33333334
      outWeight: 0.33333334
    m_PreInfinity: 2
    m_PostInfinity: 2
    m_RotationOrder: 4
  spreadCustomCurve:
    serializedVersion: 2
    m_Curve:
    - serializedVersion: 3
      time: 0
      value: 0
      inSlope: 0
      outSlope: 0
      tangentMode: 0
      weightedMode: 0
      inWeight: 0.33333334
      outWeight: 0.33333334
    m_PreInfinity: 2
    m_PostInfinity: 2
    m_RotationOrder: 4
  reverbZoneMixCustomCurve:
    serializedVersion: 2
    m_Curve:
    - serializedVersion: 3
      time: 0
      value: 1
      inSlope: 0
      outSlope: 0
      tangentMode: 0
      weightedMode: 0
      inWeight: 0.33333334
      outWeight: 0.33333334
    m_PreInfinity: 2
    m_PostInfinity: 2
    m_RotationOrder: 4
--- !u!1 &6673727754870820224
GameObject:
  m_ObjectHideFlags: 0
  m_CorrespondingSourceObject: {fileID: 0}
  m_PrefabInstance: {fileID: 0}
  m_PrefabAsset: {fileID: 0}
  serializedVersion: 6
  m_Component:
  - component: {fileID: 3156717651396770373}
  - component: {fileID: 5809889009731837695}
  - component: {fileID: 6894964600132946389}
  m_Layer: 31
  m_Name: Attack HitBox
  m_TagString: Untagged
  m_Icon: {fileID: 0}
  m_NavMeshLayer: 0
  m_StaticEditorFlags: 0
  m_IsActive: 1
--- !u!4 &3156717651396770373
Transform:
  m_ObjectHideFlags: 0
  m_CorrespondingSourceObject: {fileID: 0}
  m_PrefabInstance: {fileID: 0}
  m_PrefabAsset: {fileID: 0}
  m_GameObject: {fileID: 6673727754870820224}
  m_LocalRotation: {x: -0, y: -0, z: -0, w: 1}
  m_LocalPosition: {x: 0, y: 0, z: 0.687}
  m_LocalScale: {x: 1, y: 1, z: 1}
  m_Children: []
  m_Father: {fileID: 1826491370496004342}
  m_RootOrder: 0
  m_LocalEulerAnglesHint: {x: 0, y: 0, z: 0}
--- !u!65 &5809889009731837695
BoxCollider:
  m_ObjectHideFlags: 0
  m_CorrespondingSourceObject: {fileID: 0}
  m_PrefabInstance: {fileID: 0}
  m_PrefabAsset: {fileID: 0}
  m_GameObject: {fileID: 6673727754870820224}
  m_Material: {fileID: 0}
  m_IsTrigger: 1
  m_Enabled: 1
  serializedVersion: 2
  m_Size: {x: 2.5346386, y: 2, z: 2.049929}
  m_Center: {x: 0.1194638, y: 1, z: 0.42457736}
--- !u!114 &6894964600132946389
MonoBehaviour:
  m_ObjectHideFlags: 0
  m_CorrespondingSourceObject: {fileID: 0}
  m_PrefabInstance: {fileID: 0}
  m_PrefabAsset: {fileID: 0}
  m_GameObject: {fileID: 6673727754870820224}
  m_Enabled: 1
  m_EditorHideFlags: 0
  m_Script: {fileID: 11500000, guid: 954e104829f364846bc234afa648d00a, type: 3}
  m_Name: 
  m_EditorClassIdentifier: 
  damage: 20
  onHit: 4
  continousTime: 0
  destroyTime: 0
  destroyObj: {fileID: 0}
  col: {fileID: 5809889009731837695}
--- !u!1 &7409385923509750830
GameObject:
  m_ObjectHideFlags: 0
  m_CorrespondingSourceObject: {fileID: 0}
  m_PrefabInstance: {fileID: 0}
  m_PrefabAsset: {fileID: 0}
  serializedVersion: 6
  m_Component:
  - component: {fileID: 9026249398910743006}
  - component: {fileID: 3021709617527572620}
  m_Layer: 27
  m_Name: Fall_Sound2
  m_TagString: Untagged
  m_Icon: {fileID: 0}
  m_NavMeshLayer: 0
  m_StaticEditorFlags: 0
  m_IsActive: 1
--- !u!4 &9026249398910743006
Transform:
  m_ObjectHideFlags: 0
  m_CorrespondingSourceObject: {fileID: 0}
  m_PrefabInstance: {fileID: 0}
  m_PrefabAsset: {fileID: 0}
  m_GameObject: {fileID: 7409385923509750830}
  m_LocalRotation: {x: 0, y: 0, z: 0, w: 1}
  m_LocalPosition: {x: 0, y: 0, z: 0}
  m_LocalScale: {x: 1, y: 1, z: 1}
  m_Children: []
  m_Father: {fileID: 4120269423800961589}
  m_RootOrder: 5
  m_LocalEulerAnglesHint: {x: 0, y: 0, z: 0}
--- !u!82 &3021709617527572620
AudioSource:
  m_ObjectHideFlags: 0
  m_CorrespondingSourceObject: {fileID: 0}
  m_PrefabInstance: {fileID: 0}
  m_PrefabAsset: {fileID: 0}
  m_GameObject: {fileID: 7409385923509750830}
  m_Enabled: 0
  serializedVersion: 4
  OutputAudioMixerGroup: {fileID: 24300002, guid: 536e37b79e580aa418dafd201d56217e,
    type: 2}
  m_audioClip: {fileID: 8300000, guid: 45ab422f7c6117f4b9e6bed5b142e4b0, type: 3}
  m_PlayOnAwake: 1
  m_Volume: 1
  m_Pitch: 1
  Loop: 0
  Mute: 0
  Spatialize: 0
  SpatializePostEffects: 0
  Priority: 128
  DopplerLevel: 0
  MinDistance: 1
  MaxDistance: 10
  Pan2D: 0
  rolloffMode: 1
  BypassEffects: 0
  BypassListenerEffects: 0
  BypassReverbZones: 0
  rolloffCustomCurve:
    serializedVersion: 2
    m_Curve:
    - serializedVersion: 3
      time: 0
      value: 1
      inSlope: 0
      outSlope: 0
      tangentMode: 0
      weightedMode: 0
      inWeight: 0.33333334
      outWeight: 0.33333334
    - serializedVersion: 3
      time: 1
      value: 0
      inSlope: 0
      outSlope: 0
      tangentMode: 0
      weightedMode: 0
      inWeight: 0.33333334
      outWeight: 0.33333334
    m_PreInfinity: 2
    m_PostInfinity: 2
    m_RotationOrder: 4
  panLevelCustomCurve:
    serializedVersion: 2
    m_Curve:
    - serializedVersion: 3
      time: 0
      value: 1
      inSlope: 0
      outSlope: 0
      tangentMode: 0
      weightedMode: 0
      inWeight: 0.33333334
      outWeight: 0.33333334
    m_PreInfinity: 2
    m_PostInfinity: 2
    m_RotationOrder: 4
  spreadCustomCurve:
    serializedVersion: 2
    m_Curve:
    - serializedVersion: 3
      time: 0
      value: 0
      inSlope: 0
      outSlope: 0
      tangentMode: 0
      weightedMode: 0
      inWeight: 0.33333334
      outWeight: 0.33333334
    m_PreInfinity: 2
    m_PostInfinity: 2
    m_RotationOrder: 4
  reverbZoneMixCustomCurve:
    serializedVersion: 2
    m_Curve:
    - serializedVersion: 3
      time: 0
      value: 1
      inSlope: 0
      outSlope: 0
      tangentMode: 0
      weightedMode: 0
      inWeight: 0.33333334
      outWeight: 0.33333334
    m_PreInfinity: 2
    m_PostInfinity: 2
    m_RotationOrder: 4
--- !u!1 &8550419083625578597
GameObject:
  m_ObjectHideFlags: 0
  m_CorrespondingSourceObject: {fileID: 0}
  m_PrefabInstance: {fileID: 0}
  m_PrefabAsset: {fileID: 0}
  serializedVersion: 6
  m_Component:
  - component: {fileID: 8550419083625578594}
  - component: {fileID: 8550419083625578595}
  m_Layer: 29
  m_Name: Detection Area
  m_TagString: Untagged
  m_Icon: {fileID: 0}
  m_NavMeshLayer: 0
  m_StaticEditorFlags: 0
  m_IsActive: 1
--- !u!4 &8550419083625578594
Transform:
  m_ObjectHideFlags: 0
  m_CorrespondingSourceObject: {fileID: 0}
  m_PrefabInstance: {fileID: 0}
  m_PrefabAsset: {fileID: 0}
  m_GameObject: {fileID: 8550419083625578597}
  m_LocalRotation: {x: -0, y: -0, z: -0, w: 1}
  m_LocalPosition: {x: 0, y: 0, z: 0}
  m_LocalScale: {x: 1, y: 1, z: 1}
  m_Children: []
  m_Father: {fileID: 1826491370496004342}
  m_RootOrder: 1
  m_LocalEulerAnglesHint: {x: 0, y: 0, z: 0}
--- !u!65 &8550419083625578595
BoxCollider:
  m_ObjectHideFlags: 0
  m_CorrespondingSourceObject: {fileID: 0}
  m_PrefabInstance: {fileID: 0}
  m_PrefabAsset: {fileID: 0}
  m_GameObject: {fileID: 8550419083625578597}
  m_Material: {fileID: 0}
  m_IsTrigger: 1
  m_Enabled: 1
  serializedVersion: 2
  m_Size: {x: 40, y: 10, z: 40}
  m_Center: {x: 0, y: 1.5, z: 0}
--- !u!1 &8713582043033965804
GameObject:
  m_ObjectHideFlags: 0
  m_CorrespondingSourceObject: {fileID: 0}
  m_PrefabInstance: {fileID: 0}
  m_PrefabAsset: {fileID: 0}
  serializedVersion: 6
  m_Component:
  - component: {fileID: 53289223418775332}
  - component: {fileID: 3363288233362082201}
  m_Layer: 16
  m_Name: impact_collider
  m_TagString: Untagged
  m_Icon: {fileID: -964228994112308473, guid: 0000000000000000d000000000000000, type: 0}
  m_NavMeshLayer: 0
  m_StaticEditorFlags: 0
  m_IsActive: 0
--- !u!4 &53289223418775332
Transform:
  m_ObjectHideFlags: 0
  m_CorrespondingSourceObject: {fileID: 0}
  m_PrefabInstance: {fileID: 0}
  m_PrefabAsset: {fileID: 0}
  m_GameObject: {fileID: 8713582043033965804}
  m_LocalRotation: {x: -0.11872194, y: -0.118726075, z: 0.6970671, w: 0.6970701}
  m_LocalPosition: {x: 1.363044, y: 0, z: 0.5381041}
  m_LocalScale: {x: 1, y: 1, z: 1}
  m_Children: []
  m_Father: {fileID: 2538201914893512841}
  m_RootOrder: 4
  m_LocalEulerAnglesHint: {x: 0, y: 0, z: 0}
--- !u!136 &3363288233362082201
CapsuleCollider:
  m_ObjectHideFlags: 0
  m_CorrespondingSourceObject: {fileID: 0}
  m_PrefabInstance: {fileID: 0}
  m_PrefabAsset: {fileID: 0}
  m_GameObject: {fileID: 8713582043033965804}
  m_Material: {fileID: 0}
  m_IsTrigger: 0
  m_Enabled: 1
  m_Radius: 0.37
  m_Height: 1.2299637
  m_Direction: 1
  m_Center: {x: -0.000000006465196, y: 1.1329305, z: -0.00000003272859}
--- !u!1 &8827141688629329244
GameObject:
  m_ObjectHideFlags: 0
  m_CorrespondingSourceObject: {fileID: 0}
  m_PrefabInstance: {fileID: 0}
  m_PrefabAsset: {fileID: 0}
  serializedVersion: 6
  m_Component:
  - component: {fileID: 3420954137910764211}
  - component: {fileID: 3395294412762626789}
  m_Layer: 27
  m_Name: Fall_Sound1
  m_TagString: Untagged
  m_Icon: {fileID: 0}
  m_NavMeshLayer: 0
  m_StaticEditorFlags: 0
  m_IsActive: 1
--- !u!4 &3420954137910764211
Transform:
  m_ObjectHideFlags: 0
  m_CorrespondingSourceObject: {fileID: 0}
  m_PrefabInstance: {fileID: 0}
  m_PrefabAsset: {fileID: 0}
  m_GameObject: {fileID: 8827141688629329244}
  m_LocalRotation: {x: 0, y: 0, z: 0, w: 1}
  m_LocalPosition: {x: 0, y: 0, z: 0}
  m_LocalScale: {x: 1, y: 1, z: 1}
  m_Children: []
  m_Father: {fileID: 4120269423800961589}
  m_RootOrder: 4
  m_LocalEulerAnglesHint: {x: 0, y: 0, z: 0}
--- !u!82 &3395294412762626789
AudioSource:
  m_ObjectHideFlags: 0
  m_CorrespondingSourceObject: {fileID: 0}
  m_PrefabInstance: {fileID: 0}
  m_PrefabAsset: {fileID: 0}
  m_GameObject: {fileID: 8827141688629329244}
  m_Enabled: 0
  serializedVersion: 4
  OutputAudioMixerGroup: {fileID: 24300002, guid: 536e37b79e580aa418dafd201d56217e,
    type: 2}
  m_audioClip: {fileID: 8300000, guid: bd45a3f2f813bdc4495c0d3bc219c33a, type: 3}
  m_PlayOnAwake: 1
  m_Volume: 1
  m_Pitch: 1
  Loop: 0
  Mute: 0
  Spatialize: 0
  SpatializePostEffects: 0
  Priority: 128
  DopplerLevel: 0
  MinDistance: 1
  MaxDistance: 10
  Pan2D: 0
  rolloffMode: 1
  BypassEffects: 0
  BypassListenerEffects: 0
  BypassReverbZones: 0
  rolloffCustomCurve:
    serializedVersion: 2
    m_Curve:
    - serializedVersion: 3
      time: 0
      value: 1
      inSlope: 0
      outSlope: 0
      tangentMode: 0
      weightedMode: 0
      inWeight: 0.33333334
      outWeight: 0.33333334
    - serializedVersion: 3
      time: 1
      value: 0
      inSlope: 0
      outSlope: 0
      tangentMode: 0
      weightedMode: 0
      inWeight: 0.33333334
      outWeight: 0.33333334
    m_PreInfinity: 2
    m_PostInfinity: 2
    m_RotationOrder: 4
  panLevelCustomCurve:
    serializedVersion: 2
    m_Curve:
    - serializedVersion: 3
      time: 0
      value: 1
      inSlope: 0
      outSlope: 0
      tangentMode: 0
      weightedMode: 0
      inWeight: 0.33333334
      outWeight: 0.33333334
    m_PreInfinity: 2
    m_PostInfinity: 2
    m_RotationOrder: 4
  spreadCustomCurve:
    serializedVersion: 2
    m_Curve:
    - serializedVersion: 3
      time: 0
      value: 0
      inSlope: 0
      outSlope: 0
      tangentMode: 0
      weightedMode: 0
      inWeight: 0.33333334
      outWeight: 0.33333334
    m_PreInfinity: 2
    m_PostInfinity: 2
    m_RotationOrder: 4
  reverbZoneMixCustomCurve:
    serializedVersion: 2
    m_Curve:
    - serializedVersion: 3
      time: 0
      value: 1
      inSlope: 0
      outSlope: 0
      tangentMode: 0
      weightedMode: 0
      inWeight: 0.33333334
      outWeight: 0.33333334
    m_PreInfinity: 2
    m_PostInfinity: 2
    m_RotationOrder: 4
--- !u!1 &9066290182791021678
GameObject:
  m_ObjectHideFlags: 0
  m_CorrespondingSourceObject: {fileID: 0}
  m_PrefabInstance: {fileID: 0}
  m_PrefabAsset: {fileID: 0}
  serializedVersion: 6
  m_Component:
  - component: {fileID: 4036299782076956067}
  - component: {fileID: 5727068041980600895}
  - component: {fileID: 5805584524403812361}
  m_Layer: 26
  m_Name: Head Collider
  m_TagString: Untagged
  m_Icon: {fileID: 0}
  m_NavMeshLayer: 0
  m_StaticEditorFlags: 0
  m_IsActive: 1
--- !u!4 &4036299782076956067
Transform:
  m_ObjectHideFlags: 0
  m_CorrespondingSourceObject: {fileID: 0}
  m_PrefabInstance: {fileID: 0}
  m_PrefabAsset: {fileID: 0}
  m_GameObject: {fileID: 9066290182791021678}
  m_LocalRotation: {x: 0, y: 0, z: 0, w: 1}
  m_LocalPosition: {x: 0.137, y: -0, z: -0}
  m_LocalScale: {x: 1, y: 1, z: 1}
  m_Children: []
  m_Father: {fileID: 2673667856558069581}
  m_RootOrder: 0
  m_LocalEulerAnglesHint: {x: 0, y: 0, z: 0}
--- !u!114 &5727068041980600895
MonoBehaviour:
  m_ObjectHideFlags: 0
  m_CorrespondingSourceObject: {fileID: 0}
  m_PrefabInstance: {fileID: 0}
  m_PrefabAsset: {fileID: 0}
  m_GameObject: {fileID: 9066290182791021678}
  m_Enabled: 1
  m_EditorHideFlags: 0
  m_Script: {fileID: 11500000, guid: 59e39d54e792f3642b5cd3dc4e088eef, type: 3}
  m_Name: 
  m_EditorClassIdentifier: 
  healthRef: {fileID: 7701646684933119460}
  damageMod: 2
  onHitEvents:
    m_PersistentCalls:
      m_Calls: []
--- !u!135 &5805584524403812361
SphereCollider:
  m_ObjectHideFlags: 0
  m_CorrespondingSourceObject: {fileID: 0}
  m_PrefabInstance: {fileID: 0}
  m_PrefabAsset: {fileID: 0}
  m_GameObject: {fileID: 9066290182791021678}
  m_Material: {fileID: 0}
  m_IsTrigger: 0
  m_Enabled: 1
  serializedVersion: 2
  m_Radius: 0.25
  m_Center: {x: 0, y: 0, z: 0}
--- !u!1001 &1303040924703245889
PrefabInstance:
  m_ObjectHideFlags: 0
  serializedVersion: 2
  m_Modification:
    m_TransformParent: {fileID: 1826491370496004342}
    m_Modifications:
    - target: {fileID: 100000, guid: fbdbaffeb06fbac45a1dce688b613835, type: 3}
      propertyPath: m_Name
      value: blood_Horizontal
      objectReference: {fileID: 0}
    - target: {fileID: 100000, guid: fbdbaffeb06fbac45a1dce688b613835, type: 3}
      propertyPath: m_Layer
      value: 27
      objectReference: {fileID: 0}
    - target: {fileID: 400000, guid: fbdbaffeb06fbac45a1dce688b613835, type: 3}
      propertyPath: m_RootOrder
      value: 8
      objectReference: {fileID: 0}
    - target: {fileID: 400000, guid: fbdbaffeb06fbac45a1dce688b613835, type: 3}
      propertyPath: m_LocalPosition.x
      value: 0
      objectReference: {fileID: 0}
    - target: {fileID: 400000, guid: fbdbaffeb06fbac45a1dce688b613835, type: 3}
      propertyPath: m_LocalPosition.y
      value: 1.241
      objectReference: {fileID: 0}
    - target: {fileID: 400000, guid: fbdbaffeb06fbac45a1dce688b613835, type: 3}
      propertyPath: m_LocalPosition.z
      value: 0.269
      objectReference: {fileID: 0}
    - target: {fileID: 400000, guid: fbdbaffeb06fbac45a1dce688b613835, type: 3}
      propertyPath: m_LocalRotation.w
      value: 0.7071068
      objectReference: {fileID: 0}
    - target: {fileID: 400000, guid: fbdbaffeb06fbac45a1dce688b613835, type: 3}
      propertyPath: m_LocalRotation.x
      value: 0
      objectReference: {fileID: 0}
    - target: {fileID: 400000, guid: fbdbaffeb06fbac45a1dce688b613835, type: 3}
      propertyPath: m_LocalRotation.y
      value: 0
      objectReference: {fileID: 0}
    - target: {fileID: 400000, guid: fbdbaffeb06fbac45a1dce688b613835, type: 3}
      propertyPath: m_LocalRotation.z
      value: 0.7071068
      objectReference: {fileID: 0}
    - target: {fileID: 400000, guid: fbdbaffeb06fbac45a1dce688b613835, type: 3}
      propertyPath: m_LocalEulerAnglesHint.x
      value: 0
      objectReference: {fileID: 0}
    - target: {fileID: 400000, guid: fbdbaffeb06fbac45a1dce688b613835, type: 3}
      propertyPath: m_LocalEulerAnglesHint.y
      value: 0
      objectReference: {fileID: 0}
    - target: {fileID: 400000, guid: fbdbaffeb06fbac45a1dce688b613835, type: 3}
      propertyPath: m_LocalEulerAnglesHint.z
      value: 0
      objectReference: {fileID: 0}
    - target: {fileID: 19800000, guid: fbdbaffeb06fbac45a1dce688b613835, type: 3}
      propertyPath: playOnAwake
      value: 0
      objectReference: {fileID: 0}
    - target: {fileID: 19800000, guid: fbdbaffeb06fbac45a1dce688b613835, type: 3}
      propertyPath: ForceModule.enabled
      value: 0
      objectReference: {fileID: 0}
    - target: {fileID: 19800000, guid: fbdbaffeb06fbac45a1dce688b613835, type: 3}
      propertyPath: CollisionModule.enabled
      value: 0
      objectReference: {fileID: 0}
    - target: {fileID: 19800000, guid: fbdbaffeb06fbac45a1dce688b613835, type: 3}
      propertyPath: VelocityModule.y.scalar
      value: -1
      objectReference: {fileID: 0}
    - target: {fileID: 19800000, guid: fbdbaffeb06fbac45a1dce688b613835, type: 3}
      propertyPath: VelocityModule.y.minScalar
      value: 1
      objectReference: {fileID: 0}
    - target: {fileID: 19800000, guid: fbdbaffeb06fbac45a1dce688b613835, type: 3}
      propertyPath: InheritVelocityModule.enabled
      value: 0
      objectReference: {fileID: 0}
    - target: {fileID: 19900000, guid: fbdbaffeb06fbac45a1dce688b613835, type: 3}
      propertyPath: m_RenderMode
      value: 0
      objectReference: {fileID: 0}
    m_RemovedComponents: []
  m_SourcePrefab: {fileID: 100100000, guid: fbdbaffeb06fbac45a1dce688b613835, type: 3}
--- !u!4 &1303040924703382721 stripped
Transform:
  m_CorrespondingSourceObject: {fileID: 400000, guid: fbdbaffeb06fbac45a1dce688b613835,
    type: 3}
  m_PrefabInstance: {fileID: 1303040924703245889}
  m_PrefabAsset: {fileID: 0}
--- !u!198 &1303040924717537665 stripped
ParticleSystem:
  m_CorrespondingSourceObject: {fileID: 19800000, guid: fbdbaffeb06fbac45a1dce688b613835,
    type: 3}
  m_PrefabInstance: {fileID: 1303040924703245889}
  m_PrefabAsset: {fileID: 0}
--- !u!1001 &2524780735668775465
PrefabInstance:
  m_ObjectHideFlags: 0
  serializedVersion: 2
  m_Modification:
    m_TransformParent: {fileID: 1826491370496004342}
    m_Modifications:
    - target: {fileID: 100004, guid: 08e88d02ad27e0746a6ee07f0aff92eb, type: 3}
      propertyPath: m_Layer
      value: 27
      objectReference: {fileID: 0}
    - target: {fileID: 100006, guid: 08e88d02ad27e0746a6ee07f0aff92eb, type: 3}
      propertyPath: m_Name
      value: Impact_Gore
      objectReference: {fileID: 0}
    - target: {fileID: 100006, guid: 08e88d02ad27e0746a6ee07f0aff92eb, type: 3}
      propertyPath: m_Layer
      value: 27
      objectReference: {fileID: 0}
    - target: {fileID: 100006, guid: 08e88d02ad27e0746a6ee07f0aff92eb, type: 3}
      propertyPath: m_IsActive
      value: 0
      objectReference: {fileID: 0}
    - target: {fileID: 100008, guid: 08e88d02ad27e0746a6ee07f0aff92eb, type: 3}
      propertyPath: m_Layer
      value: 27
      objectReference: {fileID: 0}
    - target: {fileID: 100010, guid: 08e88d02ad27e0746a6ee07f0aff92eb, type: 3}
      propertyPath: m_IsActive
      value: 0
      objectReference: {fileID: 0}
    - target: {fileID: 100012, guid: 08e88d02ad27e0746a6ee07f0aff92eb, type: 3}
      propertyPath: m_Layer
      value: 27
      objectReference: {fileID: 0}
    - target: {fileID: 100014, guid: 08e88d02ad27e0746a6ee07f0aff92eb, type: 3}
      propertyPath: m_IsActive
      value: 0
      objectReference: {fileID: 0}
    - target: {fileID: 400004, guid: 08e88d02ad27e0746a6ee07f0aff92eb, type: 3}
      propertyPath: m_LocalPosition.y
      value: -1.197
      objectReference: {fileID: 0}
    - target: {fileID: 400006, guid: 08e88d02ad27e0746a6ee07f0aff92eb, type: 3}
      propertyPath: m_RootOrder
      value: 9
      objectReference: {fileID: 0}
    - target: {fileID: 400006, guid: 08e88d02ad27e0746a6ee07f0aff92eb, type: 3}
      propertyPath: m_LocalScale.x
      value: 1
      objectReference: {fileID: 0}
    - target: {fileID: 400006, guid: 08e88d02ad27e0746a6ee07f0aff92eb, type: 3}
      propertyPath: m_LocalScale.y
      value: 1
      objectReference: {fileID: 0}
    - target: {fileID: 400006, guid: 08e88d02ad27e0746a6ee07f0aff92eb, type: 3}
      propertyPath: m_LocalScale.z
      value: 1
      objectReference: {fileID: 0}
    - target: {fileID: 400006, guid: 08e88d02ad27e0746a6ee07f0aff92eb, type: 3}
      propertyPath: m_LocalPosition.x
      value: 0
      objectReference: {fileID: 0}
    - target: {fileID: 400006, guid: 08e88d02ad27e0746a6ee07f0aff92eb, type: 3}
      propertyPath: m_LocalPosition.y
      value: 1.2
      objectReference: {fileID: 0}
    - target: {fileID: 400006, guid: 08e88d02ad27e0746a6ee07f0aff92eb, type: 3}
      propertyPath: m_LocalPosition.z
      value: 0
      objectReference: {fileID: 0}
    - target: {fileID: 400006, guid: 08e88d02ad27e0746a6ee07f0aff92eb, type: 3}
      propertyPath: m_LocalRotation.w
      value: 1
      objectReference: {fileID: 0}
    - target: {fileID: 400006, guid: 08e88d02ad27e0746a6ee07f0aff92eb, type: 3}
      propertyPath: m_LocalRotation.x
      value: -0
      objectReference: {fileID: 0}
    - target: {fileID: 400006, guid: 08e88d02ad27e0746a6ee07f0aff92eb, type: 3}
      propertyPath: m_LocalRotation.y
      value: -0
      objectReference: {fileID: 0}
    - target: {fileID: 400006, guid: 08e88d02ad27e0746a6ee07f0aff92eb, type: 3}
      propertyPath: m_LocalRotation.z
      value: -0
      objectReference: {fileID: 0}
    - target: {fileID: 400006, guid: 08e88d02ad27e0746a6ee07f0aff92eb, type: 3}
      propertyPath: m_LocalEulerAnglesHint.x
      value: 0
      objectReference: {fileID: 0}
    - target: {fileID: 400006, guid: 08e88d02ad27e0746a6ee07f0aff92eb, type: 3}
      propertyPath: m_LocalEulerAnglesHint.y
      value: 0
      objectReference: {fileID: 0}
    - target: {fileID: 400006, guid: 08e88d02ad27e0746a6ee07f0aff92eb, type: 3}
      propertyPath: m_LocalEulerAnglesHint.z
      value: 0
      objectReference: {fileID: 0}
    - target: {fileID: 400012, guid: 08e88d02ad27e0746a6ee07f0aff92eb, type: 3}
      propertyPath: m_LocalRotation.w
      value: 1
      objectReference: {fileID: 0}
    - target: {fileID: 400012, guid: 08e88d02ad27e0746a6ee07f0aff92eb, type: 3}
      propertyPath: m_LocalRotation.x
      value: -0.00000037252897
      objectReference: {fileID: 0}
    - target: {fileID: 400012, guid: 08e88d02ad27e0746a6ee07f0aff92eb, type: 3}
      propertyPath: m_LocalRotation.y
      value: -0
      objectReference: {fileID: 0}
    - target: {fileID: 400012, guid: 08e88d02ad27e0746a6ee07f0aff92eb, type: 3}
      propertyPath: m_LocalRotation.z
      value: -0
      objectReference: {fileID: 0}
    - target: {fileID: 400012, guid: 08e88d02ad27e0746a6ee07f0aff92eb, type: 3}
      propertyPath: m_LocalEulerAnglesHint.x
      value: 0
      objectReference: {fileID: 0}
    - target: {fileID: 19800000, guid: 08e88d02ad27e0746a6ee07f0aff92eb, type: 3}
      propertyPath: playOnAwake
      value: 0
      objectReference: {fileID: 0}
    - target: {fileID: 19800002, guid: 08e88d02ad27e0746a6ee07f0aff92eb, type: 3}
      propertyPath: playOnAwake
      value: 1
      objectReference: {fileID: 0}
    - target: {fileID: 19800002, guid: 08e88d02ad27e0746a6ee07f0aff92eb, type: 3}
      propertyPath: InitialModule.startSize.scalar
      value: 6
      objectReference: {fileID: 0}
    - target: {fileID: 19800002, guid: 08e88d02ad27e0746a6ee07f0aff92eb, type: 3}
      propertyPath: InitialModule.startSize.minScalar
      value: 3
      objectReference: {fileID: 0}
    - target: {fileID: 19800002, guid: 08e88d02ad27e0746a6ee07f0aff92eb, type: 3}
      propertyPath: InitialModule.startLifetime.scalar
      value: 20
      objectReference: {fileID: 0}
    - target: {fileID: 19800002, guid: 08e88d02ad27e0746a6ee07f0aff92eb, type: 3}
      propertyPath: InitialModule.startColor.maxColor.a
      value: 0.8235294
      objectReference: {fileID: 0}
    - target: {fileID: 19800002, guid: 08e88d02ad27e0746a6ee07f0aff92eb, type: 3}
      propertyPath: ColorModule.gradient.maxGradient.atime0
      value: 44525
      objectReference: {fileID: 0}
    - target: {fileID: 19800002, guid: 08e88d02ad27e0746a6ee07f0aff92eb, type: 3}
      propertyPath: ColorModule.gradient.maxGradient.key0.a
      value: 0.9490196
      objectReference: {fileID: 0}
    - target: {fileID: 19800004, guid: 08e88d02ad27e0746a6ee07f0aff92eb, type: 3}
      propertyPath: playOnAwake
      value: 1
      objectReference: {fileID: 0}
    - target: {fileID: 19800006, guid: 08e88d02ad27e0746a6ee07f0aff92eb, type: 3}
      propertyPath: playOnAwake
      value: 1
      objectReference: {fileID: 0}
    - target: {fileID: 19800006, guid: 08e88d02ad27e0746a6ee07f0aff92eb, type: 3}
      propertyPath: InitialModule.startSize.scalar
      value: 15
      objectReference: {fileID: 0}
    - target: {fileID: 19800008, guid: 08e88d02ad27e0746a6ee07f0aff92eb, type: 3}
      propertyPath: playOnAwake
      value: 0
      objectReference: {fileID: 0}
    - target: {fileID: 19800010, guid: 08e88d02ad27e0746a6ee07f0aff92eb, type: 3}
      propertyPath: playOnAwake
      value: 1
      objectReference: {fileID: 0}
    - target: {fileID: 19800010, guid: 08e88d02ad27e0746a6ee07f0aff92eb, type: 3}
      propertyPath: ShapeModule.type
      value: 0
      objectReference: {fileID: 0}
    - target: {fileID: 19800010, guid: 08e88d02ad27e0746a6ee07f0aff92eb, type: 3}
      propertyPath: ShapeModule.angle
      value: 7.01
      objectReference: {fileID: 0}
    - target: {fileID: 19800010, guid: 08e88d02ad27e0746a6ee07f0aff92eb, type: 3}
      propertyPath: SubModule.enabled
      value: 1
      objectReference: {fileID: 0}
    - target: {fileID: 19800010, guid: 08e88d02ad27e0746a6ee07f0aff92eb, type: 3}
      propertyPath: ShapeModule.arc.spread
      value: 0
      objectReference: {fileID: 0}
    - target: {fileID: 19800010, guid: 08e88d02ad27e0746a6ee07f0aff92eb, type: 3}
      propertyPath: VelocityModule.enabled
      value: 0
      objectReference: {fileID: 0}
    - target: {fileID: 19800010, guid: 08e88d02ad27e0746a6ee07f0aff92eb, type: 3}
      propertyPath: ShapeModule.radius.value
      value: 0.94
      objectReference: {fileID: 0}
    - target: {fileID: 19800010, guid: 08e88d02ad27e0746a6ee07f0aff92eb, type: 3}
      propertyPath: ShapeModule.radiusThickness
      value: 1
      objectReference: {fileID: 0}
    - target: {fileID: 19800010, guid: 08e88d02ad27e0746a6ee07f0aff92eb, type: 3}
      propertyPath: ShapeModule.alignToDirection
      value: 0
      objectReference: {fileID: 0}
    - target: {fileID: 19800010, guid: 08e88d02ad27e0746a6ee07f0aff92eb, type: 3}
      propertyPath: InheritVelocityModule.enabled
      value: 1
      objectReference: {fileID: 0}
    - target: {fileID: 19800010, guid: 08e88d02ad27e0746a6ee07f0aff92eb, type: 3}
      propertyPath: InitialModule.startSize.scalar
      value: 1.2
      objectReference: {fileID: 0}
    - target: {fileID: 19800010, guid: 08e88d02ad27e0746a6ee07f0aff92eb, type: 3}
      propertyPath: CollisionModule.m_Bounce.scalar
      value: 0.5
      objectReference: {fileID: 0}
    - target: {fileID: 19800010, guid: 08e88d02ad27e0746a6ee07f0aff92eb, type: 3}
      propertyPath: InitialModule.startSpeed.scalar
      value: 5
      objectReference: {fileID: 0}
    - target: {fileID: 19800010, guid: 08e88d02ad27e0746a6ee07f0aff92eb, type: 3}
      propertyPath: InitialModule.startSize.minScalar
      value: 0.6
      objectReference: {fileID: 0}
    - target: {fileID: 19800010, guid: 08e88d02ad27e0746a6ee07f0aff92eb, type: 3}
      propertyPath: InitialModule.startLifetime.scalar
      value: 6
      objectReference: {fileID: 0}
    - target: {fileID: 19800010, guid: 08e88d02ad27e0746a6ee07f0aff92eb, type: 3}
      propertyPath: CollisionModule.collidesWith.m_Bits
      value: 268500992
      objectReference: {fileID: 0}
    - target: {fileID: 19800010, guid: 08e88d02ad27e0746a6ee07f0aff92eb, type: 3}
      propertyPath: InitialModule.gravityModifier.scalar
      value: 1
      objectReference: {fileID: 0}
    - target: {fileID: 19800010, guid: 08e88d02ad27e0746a6ee07f0aff92eb, type: 3}
      propertyPath: SubModule.subEmitters.Array.data[0].emitter
      value: 
      objectReference: {fileID: 7388896660587097758}
    - target: {fileID: 19800010, guid: 08e88d02ad27e0746a6ee07f0aff92eb, type: 3}
      propertyPath: SubModule.subEmitters.Array.data[0].properties
      value: -1
      objectReference: {fileID: 0}
    - target: {fileID: 19900002, guid: 08e88d02ad27e0746a6ee07f0aff92eb, type: 3}
      propertyPath: m_SortMode
      value: 1
      objectReference: {fileID: 0}
    - target: {fileID: 114519368972690146, guid: 08e88d02ad27e0746a6ee07f0aff92eb,
        type: 3}
      propertyPath: LifeTime
      value: 20
      objectReference: {fileID: 0}
    m_RemovedComponents: []
  m_SourcePrefab: {fileID: 100100000, guid: 08e88d02ad27e0746a6ee07f0aff92eb, type: 3}
--- !u!1 &2524780735668743311 stripped
GameObject:
  m_CorrespondingSourceObject: {fileID: 100006, guid: 08e88d02ad27e0746a6ee07f0aff92eb,
    type: 3}
  m_PrefabInstance: {fileID: 2524780735668775465}
  m_PrefabAsset: {fileID: 0}
--- !u!4 &2524780735669170351 stripped
Transform:
  m_CorrespondingSourceObject: {fileID: 400006, guid: 08e88d02ad27e0746a6ee07f0aff92eb,
    type: 3}
  m_PrefabInstance: {fileID: 2524780735668775465}
  m_PrefabAsset: {fileID: 0}
--- !u!4 &2524780735669170341 stripped
Transform:
  m_CorrespondingSourceObject: {fileID: 400012, guid: 08e88d02ad27e0746a6ee07f0aff92eb,
    type: 3}
  m_PrefabInstance: {fileID: 2524780735668775465}
  m_PrefabAsset: {fileID: 0}
--- !u!1001 &3309076250583404778
PrefabInstance:
  m_ObjectHideFlags: 0
  serializedVersion: 2
  m_Modification:
    m_TransformParent: {fileID: 1826491370496004342}
    m_Modifications:
    - target: {fileID: 1000010159161520, guid: abb9f519b142e304d9c45b56afa768bc, type: 3}
      propertyPath: m_Layer
      value: 27
      objectReference: {fileID: 0}
    - target: {fileID: 1000012909287652, guid: abb9f519b142e304d9c45b56afa768bc, type: 3}
      propertyPath: m_Name
      value: BloodSprayEffect
      objectReference: {fileID: 0}
    - target: {fileID: 1000012909287652, guid: abb9f519b142e304d9c45b56afa768bc, type: 3}
      propertyPath: m_Layer
      value: 27
      objectReference: {fileID: 0}
    - target: {fileID: 4000013488956786, guid: abb9f519b142e304d9c45b56afa768bc, type: 3}
      propertyPath: m_RootOrder
      value: 7
      objectReference: {fileID: 0}
    - target: {fileID: 4000013488956786, guid: abb9f519b142e304d9c45b56afa768bc, type: 3}
      propertyPath: m_LocalPosition.x
      value: 0
      objectReference: {fileID: 0}
    - target: {fileID: 4000013488956786, guid: abb9f519b142e304d9c45b56afa768bc, type: 3}
      propertyPath: m_LocalPosition.y
      value: 1.386
      objectReference: {fileID: 0}
    - target: {fileID: 4000013488956786, guid: abb9f519b142e304d9c45b56afa768bc, type: 3}
      propertyPath: m_LocalPosition.z
      value: 0.273
      objectReference: {fileID: 0}
    - target: {fileID: 4000013488956786, guid: abb9f519b142e304d9c45b56afa768bc, type: 3}
      propertyPath: m_LocalRotation.w
      value: 1
      objectReference: {fileID: 0}
    - target: {fileID: 4000013488956786, guid: abb9f519b142e304d9c45b56afa768bc, type: 3}
      propertyPath: m_LocalRotation.x
      value: -0.00000005960463
      objectReference: {fileID: 0}
    - target: {fileID: 4000013488956786, guid: abb9f519b142e304d9c45b56afa768bc, type: 3}
      propertyPath: m_LocalRotation.y
      value: 0.0000000013170901
      objectReference: {fileID: 0}
    - target: {fileID: 4000013488956786, guid: abb9f519b142e304d9c45b56afa768bc, type: 3}
      propertyPath: m_LocalRotation.z
      value: 0.00000012775762
      objectReference: {fileID: 0}
    - target: {fileID: 4000013488956786, guid: abb9f519b142e304d9c45b56afa768bc, type: 3}
      propertyPath: m_LocalEulerAnglesHint.x
      value: 0
      objectReference: {fileID: 0}
    - target: {fileID: 4000013488956786, guid: abb9f519b142e304d9c45b56afa768bc, type: 3}
      propertyPath: m_LocalEulerAnglesHint.y
      value: 0
      objectReference: {fileID: 0}
    - target: {fileID: 4000013488956786, guid: abb9f519b142e304d9c45b56afa768bc, type: 3}
      propertyPath: m_LocalEulerAnglesHint.z
      value: 0
      objectReference: {fileID: 0}
    - target: {fileID: 198000011254678926, guid: abb9f519b142e304d9c45b56afa768bc,
        type: 3}
      propertyPath: CollisionModule.enabled
      value: 1
      objectReference: {fileID: 0}
    - target: {fileID: 198000011254678926, guid: abb9f519b142e304d9c45b56afa768bc,
        type: 3}
      propertyPath: InitialModule.startColor.maxColor.a
      value: 1
      objectReference: {fileID: 0}
    - target: {fileID: 198000011254678926, guid: abb9f519b142e304d9c45b56afa768bc,
        type: 3}
      propertyPath: InitialModule.startColor.maxColor.b
      value: 0
      objectReference: {fileID: 0}
    - target: {fileID: 198000011254678926, guid: abb9f519b142e304d9c45b56afa768bc,
        type: 3}
      propertyPath: InitialModule.startColor.maxColor.g
      value: 0
      objectReference: {fileID: 0}
    - target: {fileID: 198000011254678926, guid: abb9f519b142e304d9c45b56afa768bc,
        type: 3}
      propertyPath: InitialModule.startColor.maxColor.r
      value: 0.7075472
      objectReference: {fileID: 0}
    - target: {fileID: 198000013980960414, guid: abb9f519b142e304d9c45b56afa768bc,
        type: 3}
      propertyPath: UVModule.enabled
      value: 1
      objectReference: {fileID: 0}
    - target: {fileID: 198000013980960414, guid: abb9f519b142e304d9c45b56afa768bc,
        type: 3}
      propertyPath: moveWithTransform
      value: 1
      objectReference: {fileID: 0}
    - target: {fileID: 198000013980960414, guid: abb9f519b142e304d9c45b56afa768bc,
        type: 3}
      propertyPath: CollisionModule.enabled
      value: 1
      objectReference: {fileID: 0}
    - target: {fileID: 198000013980960414, guid: abb9f519b142e304d9c45b56afa768bc,
        type: 3}
      propertyPath: CollisionModule.quality
      value: 0
      objectReference: {fileID: 0}
    m_RemovedComponents: []
  m_SourcePrefab: {fileID: 100100000, guid: abb9f519b142e304d9c45b56afa768bc, type: 3}
--- !u!198 &3410171216301872484 stripped
ParticleSystem:
  m_CorrespondingSourceObject: {fileID: 198000011254678926, guid: abb9f519b142e304d9c45b56afa768bc,
    type: 3}
  m_PrefabInstance: {fileID: 3309076250583404778}
  m_PrefabAsset: {fileID: 0}
--- !u!4 &3306212416101004696 stripped
Transform:
  m_CorrespondingSourceObject: {fileID: 4000013488956786, guid: abb9f519b142e304d9c45b56afa768bc,
    type: 3}
  m_PrefabInstance: {fileID: 3309076250583404778}
  m_PrefabAsset: {fileID: 0}
--- !u!1001 &4513902362811837918
PrefabInstance:
  m_ObjectHideFlags: 0
  serializedVersion: 2
  m_Modification:
    m_TransformParent: {fileID: 1395502152149735187}
    m_Modifications:
    - target: {fileID: -8867681251268331212, guid: 3d887c31ae6d9cf47a37e2c539060480,
        type: 3}
      propertyPath: m_Layer
      value: 27
      objectReference: {fileID: 0}
    - target: {fileID: -8679921383154817045, guid: 3d887c31ae6d9cf47a37e2c539060480,
        type: 3}
      propertyPath: m_RootOrder
      value: 0
      objectReference: {fileID: 0}
    - target: {fileID: -8679921383154817045, guid: 3d887c31ae6d9cf47a37e2c539060480,
        type: 3}
      propertyPath: m_LocalPosition.x
      value: 0
      objectReference: {fileID: 0}
    - target: {fileID: -8679921383154817045, guid: 3d887c31ae6d9cf47a37e2c539060480,
        type: 3}
      propertyPath: m_LocalPosition.y
      value: 0
      objectReference: {fileID: 0}
    - target: {fileID: -8679921383154817045, guid: 3d887c31ae6d9cf47a37e2c539060480,
        type: 3}
      propertyPath: m_LocalPosition.z
      value: 0
      objectReference: {fileID: 0}
    - target: {fileID: -8679921383154817045, guid: 3d887c31ae6d9cf47a37e2c539060480,
        type: 3}
      propertyPath: m_LocalRotation.w
      value: 1
      objectReference: {fileID: 0}
    - target: {fileID: -8679921383154817045, guid: 3d887c31ae6d9cf47a37e2c539060480,
        type: 3}
      propertyPath: m_LocalRotation.x
      value: 0
      objectReference: {fileID: 0}
    - target: {fileID: -8679921383154817045, guid: 3d887c31ae6d9cf47a37e2c539060480,
        type: 3}
      propertyPath: m_LocalRotation.y
      value: 0
      objectReference: {fileID: 0}
    - target: {fileID: -8679921383154817045, guid: 3d887c31ae6d9cf47a37e2c539060480,
        type: 3}
      propertyPath: m_LocalRotation.z
      value: 0
      objectReference: {fileID: 0}
    - target: {fileID: -8679921383154817045, guid: 3d887c31ae6d9cf47a37e2c539060480,
        type: 3}
      propertyPath: m_LocalEulerAnglesHint.x
      value: 0
      objectReference: {fileID: 0}
    - target: {fileID: -8679921383154817045, guid: 3d887c31ae6d9cf47a37e2c539060480,
        type: 3}
      propertyPath: m_LocalEulerAnglesHint.y
      value: 0
      objectReference: {fileID: 0}
    - target: {fileID: -8679921383154817045, guid: 3d887c31ae6d9cf47a37e2c539060480,
        type: 3}
      propertyPath: m_LocalEulerAnglesHint.z
      value: 0
      objectReference: {fileID: 0}
    - target: {fileID: -7544041824191506897, guid: 3d887c31ae6d9cf47a37e2c539060480,
        type: 3}
      propertyPath: m_Layer
      value: 27
      objectReference: {fileID: 0}
    - target: {fileID: -7496958477783785147, guid: 3d887c31ae6d9cf47a37e2c539060480,
        type: 3}
      propertyPath: m_Layer
      value: 27
      objectReference: {fileID: 0}
    - target: {fileID: -7041416225996755619, guid: 3d887c31ae6d9cf47a37e2c539060480,
        type: 3}
      propertyPath: m_Layer
      value: 27
      objectReference: {fileID: 0}
    - target: {fileID: -6853252738620207799, guid: 3d887c31ae6d9cf47a37e2c539060480,
        type: 3}
      propertyPath: m_Layer
      value: 27
      objectReference: {fileID: 0}
    - target: {fileID: -6138703215426906610, guid: 3d887c31ae6d9cf47a37e2c539060480,
        type: 3}
      propertyPath: m_Layer
      value: 27
      objectReference: {fileID: 0}
    - target: {fileID: -5350827916446989570, guid: 3d887c31ae6d9cf47a37e2c539060480,
        type: 3}
      propertyPath: m_Layer
      value: 27
      objectReference: {fileID: 0}
    - target: {fileID: -4720430045486081806, guid: 3d887c31ae6d9cf47a37e2c539060480,
        type: 3}
      propertyPath: m_Layer
      value: 27
      objectReference: {fileID: 0}
    - target: {fileID: -4605696507743350345, guid: 3d887c31ae6d9cf47a37e2c539060480,
        type: 3}
      propertyPath: m_Layer
      value: 27
      objectReference: {fileID: 0}
    - target: {fileID: -4391666871198202939, guid: 3d887c31ae6d9cf47a37e2c539060480,
        type: 3}
      propertyPath: m_Layer
      value: 27
      objectReference: {fileID: 0}
    - target: {fileID: -4262720558875415163, guid: 3d887c31ae6d9cf47a37e2c539060480,
        type: 3}
      propertyPath: m_Layer
      value: 27
      objectReference: {fileID: 0}
    - target: {fileID: -3852501180712705482, guid: 3d887c31ae6d9cf47a37e2c539060480,
        type: 3}
      propertyPath: m_Layer
      value: 27
      objectReference: {fileID: 0}
    - target: {fileID: -3704693086027952806, guid: 3d887c31ae6d9cf47a37e2c539060480,
        type: 3}
      propertyPath: m_Layer
      value: 27
      objectReference: {fileID: 0}
    - target: {fileID: -3666538984848078813, guid: 3d887c31ae6d9cf47a37e2c539060480,
        type: 3}
      propertyPath: m_Layer
      value: 27
      objectReference: {fileID: 0}
    - target: {fileID: -2943976733333356448, guid: 3d887c31ae6d9cf47a37e2c539060480,
        type: 3}
      propertyPath: m_Layer
      value: 27
      objectReference: {fileID: 0}
    - target: {fileID: -2941048564358575166, guid: 3d887c31ae6d9cf47a37e2c539060480,
        type: 3}
      propertyPath: m_Layer
      value: 27
      objectReference: {fileID: 0}
    - target: {fileID: -2266127566368811129, guid: 3d887c31ae6d9cf47a37e2c539060480,
        type: 3}
      propertyPath: m_Layer
      value: 27
      objectReference: {fileID: 0}
    - target: {fileID: -2056820063401516722, guid: 3d887c31ae6d9cf47a37e2c539060480,
        type: 3}
      propertyPath: m_Layer
      value: 27
      objectReference: {fileID: 0}
    - target: {fileID: -1376586163863524002, guid: 3d887c31ae6d9cf47a37e2c539060480,
        type: 3}
      propertyPath: m_Layer
      value: 27
      objectReference: {fileID: 0}
    - target: {fileID: -993678427034386123, guid: 3d887c31ae6d9cf47a37e2c539060480,
        type: 3}
      propertyPath: m_Layer
      value: 27
      objectReference: {fileID: 0}
    - target: {fileID: -795072635129605241, guid: 3d887c31ae6d9cf47a37e2c539060480,
        type: 3}
      propertyPath: m_Layer
      value: 27
      objectReference: {fileID: 0}
    - target: {fileID: -654846290954720555, guid: 3d887c31ae6d9cf47a37e2c539060480,
        type: 3}
      propertyPath: m_Layer
      value: 27
      objectReference: {fileID: 0}
    - target: {fileID: 221557513661242474, guid: 3d887c31ae6d9cf47a37e2c539060480,
        type: 3}
      propertyPath: m_Layer
      value: 27
      objectReference: {fileID: 0}
    - target: {fileID: 487986958889848486, guid: 3d887c31ae6d9cf47a37e2c539060480,
        type: 3}
      propertyPath: m_Layer
      value: 27
      objectReference: {fileID: 0}
    - target: {fileID: 919132149155446097, guid: 3d887c31ae6d9cf47a37e2c539060480,
        type: 3}
      propertyPath: m_Name
      value: char_mutant_base
      objectReference: {fileID: 0}
    - target: {fileID: 919132149155446097, guid: 3d887c31ae6d9cf47a37e2c539060480,
        type: 3}
      propertyPath: m_Layer
      value: 27
      objectReference: {fileID: 0}
    - target: {fileID: 1258529471589067500, guid: 3d887c31ae6d9cf47a37e2c539060480,
        type: 3}
      propertyPath: m_Layer
      value: 27
      objectReference: {fileID: 0}
    - target: {fileID: 2254110776623687774, guid: 3d887c31ae6d9cf47a37e2c539060480,
        type: 3}
      propertyPath: m_Layer
      value: 27
      objectReference: {fileID: 0}
    - target: {fileID: 3573366298472414084, guid: 3d887c31ae6d9cf47a37e2c539060480,
        type: 3}
      propertyPath: m_Layer
      value: 27
      objectReference: {fileID: 0}
    - target: {fileID: 3676308583269287397, guid: 3d887c31ae6d9cf47a37e2c539060480,
        type: 3}
      propertyPath: m_Layer
      value: 27
      objectReference: {fileID: 0}
    - target: {fileID: 4168855735288257235, guid: 3d887c31ae6d9cf47a37e2c539060480,
        type: 3}
      propertyPath: m_Layer
      value: 27
      objectReference: {fileID: 0}
    - target: {fileID: 4543191514960019295, guid: 3d887c31ae6d9cf47a37e2c539060480,
        type: 3}
      propertyPath: m_Layer
      value: 27
      objectReference: {fileID: 0}
    - target: {fileID: 5519690109893935934, guid: 3d887c31ae6d9cf47a37e2c539060480,
        type: 3}
      propertyPath: m_Layer
      value: 27
      objectReference: {fileID: 0}
    - target: {fileID: 5866666021909216657, guid: 3d887c31ae6d9cf47a37e2c539060480,
        type: 3}
      propertyPath: m_Controller
      value: 
      objectReference: {fileID: 9100000, guid: 5776b3668d4e2f7448ebab0b98e09f09, type: 2}
    - target: {fileID: 5866666021909216657, guid: 3d887c31ae6d9cf47a37e2c539060480,
        type: 3}
      propertyPath: m_CullingMode
      value: 0
      objectReference: {fileID: 0}
    - target: {fileID: 6715258260096454211, guid: 3d887c31ae6d9cf47a37e2c539060480,
        type: 3}
      propertyPath: m_Layer
      value: 27
      objectReference: {fileID: 0}
    - target: {fileID: 6941184888024204184, guid: 3d887c31ae6d9cf47a37e2c539060480,
        type: 3}
      propertyPath: m_Enabled
      value: 1
      objectReference: {fileID: 0}
    - target: {fileID: 6941184888024204184, guid: 3d887c31ae6d9cf47a37e2c539060480,
        type: 3}
      propertyPath: m_Materials.Array.size
      value: 1
      objectReference: {fileID: 0}
    - target: {fileID: 6941184888024204184, guid: 3d887c31ae6d9cf47a37e2c539060480,
        type: 3}
      propertyPath: m_Materials.Array.data[1]
      value: 
      objectReference: {fileID: 2100000, guid: 88dea658d7acd5248befd179599f7c89, type: 2}
    - target: {fileID: 7603035412850294650, guid: 3d887c31ae6d9cf47a37e2c539060480,
        type: 3}
      propertyPath: m_Layer
      value: 27
      objectReference: {fileID: 0}
    - target: {fileID: 8262455724181497985, guid: 3d887c31ae6d9cf47a37e2c539060480,
        type: 3}
      propertyPath: m_Layer
      value: 27
      objectReference: {fileID: 0}
    - target: {fileID: 9121439352717693076, guid: 3d887c31ae6d9cf47a37e2c539060480,
        type: 3}
      propertyPath: m_Layer
      value: 27
      objectReference: {fileID: 0}
    m_RemovedComponents: []
  m_SourcePrefab: {fileID: 100100000, guid: 3d887c31ae6d9cf47a37e2c539060480, type: 3}
--- !u!95 &8056394244567502927 stripped
Animator:
  m_CorrespondingSourceObject: {fileID: 5866666021909216657, guid: 3d887c31ae6d9cf47a37e2c539060480,
    type: 3}
  m_PrefabInstance: {fileID: 4513902362811837918}
  m_PrefabAsset: {fileID: 0}
--- !u!4 &4120269423800961589 stripped
Transform:
  m_CorrespondingSourceObject: {fileID: -8679921383154817045, guid: 3d887c31ae6d9cf47a37e2c539060480,
    type: 3}
  m_PrefabInstance: {fileID: 4513902362811837918}
  m_PrefabAsset: {fileID: 0}
--- !u!4 &2673667856558069581 stripped
Transform:
  m_CorrespondingSourceObject: {fileID: 1999137502466947731, guid: 3d887c31ae6d9cf47a37e2c539060480,
    type: 3}
  m_PrefabInstance: {fileID: 4513902362811837918}
  m_PrefabAsset: {fileID: 0}
--- !u!4 &2538201914893512841 stripped
Transform:
  m_CorrespondingSourceObject: {fileID: 2133892005338783063, guid: 3d887c31ae6d9cf47a37e2c539060480,
    type: 3}
  m_PrefabInstance: {fileID: 4513902362811837918}
  m_PrefabAsset: {fileID: 0}
--- !u!137 &6841126892532936262 stripped
SkinnedMeshRenderer:
  m_CorrespondingSourceObject: {fileID: 6941184888024204184, guid: 3d887c31ae6d9cf47a37e2c539060480,
    type: 3}
  m_PrefabInstance: {fileID: 4513902362811837918}
  m_PrefabAsset: {fileID: 0}
--- !u!1 &3631576514648019087 stripped
GameObject:
  m_CorrespondingSourceObject: {fileID: 919132149155446097, guid: 3d887c31ae6d9cf47a37e2c539060480,
    type: 3}
  m_PrefabInstance: {fileID: 4513902362811837918}
  m_PrefabAsset: {fileID: 0}
--- !u!1 &1471106681891748816 stripped
GameObject:
  m_CorrespondingSourceObject: {fileID: -6138703215426906610, guid: 3d887c31ae6d9cf47a37e2c539060480,
    type: 3}
  m_PrefabInstance: {fileID: 4513902362811837918}
  m_PrefabAsset: {fileID: 0}
--- !u!1001 &5038464303042834912
PrefabInstance:
  m_ObjectHideFlags: 0
  serializedVersion: 2
  m_Modification:
    m_TransformParent: {fileID: 1826491370496004342}
    m_Modifications:
    - target: {fileID: 100002, guid: 28a5e79925e3ce04a82856c16a572cbe, type: 3}
      propertyPath: m_Name
      value: BlobShadowProjector
      objectReference: {fileID: 0}
    - target: {fileID: 100002, guid: 28a5e79925e3ce04a82856c16a572cbe, type: 3}
      propertyPath: m_Layer
      value: 27
      objectReference: {fileID: 0}
    - target: {fileID: 400002, guid: 28a5e79925e3ce04a82856c16a572cbe, type: 3}
      propertyPath: m_RootOrder
      value: 6
      objectReference: {fileID: 0}
    - target: {fileID: 400002, guid: 28a5e79925e3ce04a82856c16a572cbe, type: 3}
      propertyPath: m_LocalPosition.x
      value: 0
      objectReference: {fileID: 0}
    - target: {fileID: 400002, guid: 28a5e79925e3ce04a82856c16a572cbe, type: 3}
      propertyPath: m_LocalPosition.y
      value: 0.741
      objectReference: {fileID: 0}
    - target: {fileID: 400002, guid: 28a5e79925e3ce04a82856c16a572cbe, type: 3}
      propertyPath: m_LocalPosition.z
      value: -0.012
      objectReference: {fileID: 0}
    - target: {fileID: 400002, guid: 28a5e79925e3ce04a82856c16a572cbe, type: 3}
      propertyPath: m_LocalRotation.w
      value: 0.7071068
      objectReference: {fileID: 0}
    - target: {fileID: 400002, guid: 28a5e79925e3ce04a82856c16a572cbe, type: 3}
      propertyPath: m_LocalRotation.x
      value: 0.7071068
      objectReference: {fileID: 0}
    - target: {fileID: 400002, guid: 28a5e79925e3ce04a82856c16a572cbe, type: 3}
      propertyPath: m_LocalRotation.y
      value: 0
      objectReference: {fileID: 0}
    - target: {fileID: 400002, guid: 28a5e79925e3ce04a82856c16a572cbe, type: 3}
      propertyPath: m_LocalRotation.z
      value: 0
      objectReference: {fileID: 0}
    - target: {fileID: 400002, guid: 28a5e79925e3ce04a82856c16a572cbe, type: 3}
      propertyPath: m_LocalEulerAnglesHint.x
      value: 90
      objectReference: {fileID: 0}
    - target: {fileID: 400002, guid: 28a5e79925e3ce04a82856c16a572cbe, type: 3}
      propertyPath: m_LocalEulerAnglesHint.y
      value: 0
      objectReference: {fileID: 0}
    - target: {fileID: 400002, guid: 28a5e79925e3ce04a82856c16a572cbe, type: 3}
      propertyPath: m_LocalEulerAnglesHint.z
      value: 0
      objectReference: {fileID: 0}
    - target: {fileID: 11900000, guid: 28a5e79925e3ce04a82856c16a572cbe, type: 3}
      propertyPath: m_FieldOfView
      value: 70
      objectReference: {fileID: 0}
    - target: {fileID: 11900000, guid: 28a5e79925e3ce04a82856c16a572cbe, type: 3}
      propertyPath: m_FarClipPlane
      value: 1.5
      objectReference: {fileID: 0}
    - target: {fileID: 11900000, guid: 28a5e79925e3ce04a82856c16a572cbe, type: 3}
      propertyPath: m_IgnoreLayers.m_Bits
      value: 134283776
      objectReference: {fileID: 0}
    m_RemovedComponents: []
  m_SourcePrefab: {fileID: 100100000, guid: 28a5e79925e3ce04a82856c16a572cbe, type: 3}
--- !u!4 &5038464303042964322 stripped
Transform:
  m_CorrespondingSourceObject: {fileID: 400002, guid: 28a5e79925e3ce04a82856c16a572cbe,
    type: 3}
  m_PrefabInstance: {fileID: 5038464303042834912}
  m_PrefabAsset: {fileID: 0}
--- !u!1 &5038464303042869058 stripped
GameObject:
  m_CorrespondingSourceObject: {fileID: 100002, guid: 28a5e79925e3ce04a82856c16a572cbe,
    type: 3}
  m_PrefabInstance: {fileID: 5038464303042834912}
  m_PrefabAsset: {fileID: 0}
--- !u!1001 &7274420295251378796
PrefabInstance:
  m_ObjectHideFlags: 0
  serializedVersion: 2
  m_Modification:
    m_TransformParent: {fileID: 2538201914893512841}
    m_Modifications:
    - target: {fileID: 1844270834436587260, guid: b92c1231eaf923947a6655ef598f345f,
        type: 3}
      propertyPath: m_Layer
      value: 27
      objectReference: {fileID: 0}
    - target: {fileID: 4486479230182515238, guid: b92c1231eaf923947a6655ef598f345f,
        type: 3}
      propertyPath: m_RootOrder
      value: 3
      objectReference: {fileID: 0}
    - target: {fileID: 4486479230182515238, guid: b92c1231eaf923947a6655ef598f345f,
        type: 3}
      propertyPath: m_LocalScale.y
      value: 0.46444973
      objectReference: {fileID: 0}
    - target: {fileID: 4486479230182515238, guid: b92c1231eaf923947a6655ef598f345f,
        type: 3}
      propertyPath: m_LocalPosition.x
      value: -0.22580716
      objectReference: {fileID: 0}
    - target: {fileID: 4486479230182515238, guid: b92c1231eaf923947a6655ef598f345f,
        type: 3}
      propertyPath: m_LocalPosition.y
      value: 0.14100005
      objectReference: {fileID: 0}
    - target: {fileID: 4486479230182515238, guid: b92c1231eaf923947a6655ef598f345f,
        type: 3}
      propertyPath: m_LocalPosition.z
      value: 0.02840144
      objectReference: {fileID: 0}
    - target: {fileID: 4486479230182515238, guid: b92c1231eaf923947a6655ef598f345f,
        type: 3}
      propertyPath: m_LocalRotation.w
      value: 0.29509133
      objectReference: {fileID: 0}
    - target: {fileID: 4486479230182515238, guid: b92c1231eaf923947a6655ef598f345f,
        type: 3}
      propertyPath: m_LocalRotation.x
      value: 0.6425907
      objectReference: {fileID: 0}
    - target: {fileID: 4486479230182515238, guid: b92c1231eaf923947a6655ef598f345f,
        type: 3}
      propertyPath: m_LocalRotation.y
      value: 0.64258665
      objectReference: {fileID: 0}
    - target: {fileID: 4486479230182515238, guid: b92c1231eaf923947a6655ef598f345f,
        type: 3}
      propertyPath: m_LocalRotation.z
      value: 0.29509446
      objectReference: {fileID: 0}
    - target: {fileID: 4486479230182515238, guid: b92c1231eaf923947a6655ef598f345f,
        type: 3}
      propertyPath: m_LocalEulerAnglesHint.x
      value: 150
      objectReference: {fileID: 0}
    - target: {fileID: 4486479230182515238, guid: b92c1231eaf923947a6655ef598f345f,
        type: 3}
      propertyPath: m_LocalEulerAnglesHint.y
      value: -0.000015258789
      objectReference: {fileID: 0}
    - target: {fileID: 4486479230182515238, guid: b92c1231eaf923947a6655ef598f345f,
        type: 3}
      propertyPath: m_LocalEulerAnglesHint.z
      value: -0.000015258789
      objectReference: {fileID: 0}
    - target: {fileID: 4487997861901234842, guid: b92c1231eaf923947a6655ef598f345f,
        type: 3}
      propertyPath: m_Name
      value: Liberate_02.3 ink sink Variant
      objectReference: {fileID: 0}
    - target: {fileID: 4487997861901234842, guid: b92c1231eaf923947a6655ef598f345f,
        type: 3}
      propertyPath: m_Layer
      value: 27
      objectReference: {fileID: 0}
    - target: {fileID: 4488320868002251372, guid: b92c1231eaf923947a6655ef598f345f,
        type: 3}
      propertyPath: m_Layer
      value: 27
      objectReference: {fileID: 0}
    - target: {fileID: 4488531714208041158, guid: b92c1231eaf923947a6655ef598f345f,
        type: 3}
      propertyPath: m_Layer
      value: 27
      objectReference: {fileID: 0}
    - target: {fileID: 4488561337453352044, guid: b92c1231eaf923947a6655ef598f345f,
        type: 3}
      propertyPath: m_Layer
      value: 27
      objectReference: {fileID: 0}
    - target: {fileID: 6167509857298086108, guid: b92c1231eaf923947a6655ef598f345f,
        type: 3}
      propertyPath: m_Layer
      value: 27
      objectReference: {fileID: 0}
    - target: {fileID: 8885074993196562609, guid: b92c1231eaf923947a6655ef598f345f,
        type: 3}
      propertyPath: m_Layer
      value: 27
      objectReference: {fileID: 0}
    m_RemovedComponents: []
  m_SourcePrefab: {fileID: 100100000, guid: b92c1231eaf923947a6655ef598f345f, type: 3}
--- !u!1001 &7388896660605317466
PrefabInstance:
  m_ObjectHideFlags: 0
  serializedVersion: 2
  m_Modification:
    m_TransformParent: {fileID: 2524780735669170341}
    m_Modifications:
    - target: {fileID: 100004, guid: 14ecb12aff6c62a498bc7fc81db82610, type: 3}
      propertyPath: m_Name
      value: blood_fountain sphere
      objectReference: {fileID: 0}
    - target: {fileID: 400004, guid: 14ecb12aff6c62a498bc7fc81db82610, type: 3}
      propertyPath: m_RootOrder
      value: 0
      objectReference: {fileID: 0}
    - target: {fileID: 400004, guid: 14ecb12aff6c62a498bc7fc81db82610, type: 3}
      propertyPath: m_LocalPosition.x
      value: 0
      objectReference: {fileID: 0}
    - target: {fileID: 400004, guid: 14ecb12aff6c62a498bc7fc81db82610, type: 3}
      propertyPath: m_LocalPosition.y
      value: 0
      objectReference: {fileID: 0}
    - target: {fileID: 400004, guid: 14ecb12aff6c62a498bc7fc81db82610, type: 3}
      propertyPath: m_LocalPosition.z
      value: 0
      objectReference: {fileID: 0}
    - target: {fileID: 400004, guid: 14ecb12aff6c62a498bc7fc81db82610, type: 3}
      propertyPath: m_LocalRotation.w
      value: 0.70710653
      objectReference: {fileID: 0}
    - target: {fileID: 400004, guid: 14ecb12aff6c62a498bc7fc81db82610, type: 3}
      propertyPath: m_LocalRotation.x
      value: -0
      objectReference: {fileID: 0}
    - target: {fileID: 400004, guid: 14ecb12aff6c62a498bc7fc81db82610, type: 3}
      propertyPath: m_LocalRotation.y
      value: -0
      objectReference: {fileID: 0}
    - target: {fileID: 400004, guid: 14ecb12aff6c62a498bc7fc81db82610, type: 3}
      propertyPath: m_LocalRotation.z
      value: 0.70710707
      objectReference: {fileID: 0}
    - target: {fileID: 400004, guid: 14ecb12aff6c62a498bc7fc81db82610, type: 3}
      propertyPath: m_LocalEulerAnglesHint.x
      value: 0
      objectReference: {fileID: 0}
    - target: {fileID: 400004, guid: 14ecb12aff6c62a498bc7fc81db82610, type: 3}
      propertyPath: m_LocalEulerAnglesHint.y
      value: 0
      objectReference: {fileID: 0}
    - target: {fileID: 400004, guid: 14ecb12aff6c62a498bc7fc81db82610, type: 3}
      propertyPath: m_LocalEulerAnglesHint.z
      value: 90.00001
      objectReference: {fileID: 0}
    - target: {fileID: 19800000, guid: 14ecb12aff6c62a498bc7fc81db82610, type: 3}
      propertyPath: looping
      value: 0
      objectReference: {fileID: 0}
    - target: {fileID: 19800000, guid: 14ecb12aff6c62a498bc7fc81db82610, type: 3}
      propertyPath: lengthInSec
      value: 1
      objectReference: {fileID: 0}
    - target: {fileID: 19800000, guid: 14ecb12aff6c62a498bc7fc81db82610, type: 3}
      propertyPath: playOnAwake
      value: 1
      objectReference: {fileID: 0}
    - target: {fileID: 19800000, guid: 14ecb12aff6c62a498bc7fc81db82610, type: 3}
      propertyPath: InitialModule.startSize.scalar
      value: 1
      objectReference: {fileID: 0}
    - target: {fileID: 19800000, guid: 14ecb12aff6c62a498bc7fc81db82610, type: 3}
      propertyPath: InitialModule.startSize.minScalar
      value: 0.7
      objectReference: {fileID: 0}
    - target: {fileID: 19800000, guid: 14ecb12aff6c62a498bc7fc81db82610, type: 3}
      propertyPath: InitialModule.startLifetime.scalar
      value: 0.2
      objectReference: {fileID: 0}
    - target: {fileID: 19800002, guid: 14ecb12aff6c62a498bc7fc81db82610, type: 3}
      propertyPath: looping
      value: 0
      objectReference: {fileID: 0}
    - target: {fileID: 19800002, guid: 14ecb12aff6c62a498bc7fc81db82610, type: 3}
      propertyPath: lengthInSec
      value: 1
      objectReference: {fileID: 0}
    - target: {fileID: 19800002, guid: 14ecb12aff6c62a498bc7fc81db82610, type: 3}
      propertyPath: playOnAwake
      value: 1
      objectReference: {fileID: 0}
    - target: {fileID: 19800002, guid: 14ecb12aff6c62a498bc7fc81db82610, type: 3}
      propertyPath: InitialModule.startSize.scalar
      value: 1
      objectReference: {fileID: 0}
    - target: {fileID: 19800002, guid: 14ecb12aff6c62a498bc7fc81db82610, type: 3}
      propertyPath: InitialModule.startSize.minScalar
      value: 0.7
      objectReference: {fileID: 0}
    - target: {fileID: 19800002, guid: 14ecb12aff6c62a498bc7fc81db82610, type: 3}
      propertyPath: InitialModule.startLifetime.scalar
      value: 0.2
      objectReference: {fileID: 0}
    - target: {fileID: 19800004, guid: 14ecb12aff6c62a498bc7fc81db82610, type: 3}
      propertyPath: looping
      value: 0
      objectReference: {fileID: 0}
    - target: {fileID: 19800004, guid: 14ecb12aff6c62a498bc7fc81db82610, type: 3}
      propertyPath: lengthInSec
      value: 1
      objectReference: {fileID: 0}
    - target: {fileID: 19800004, guid: 14ecb12aff6c62a498bc7fc81db82610, type: 3}
      propertyPath: playOnAwake
      value: 1
      objectReference: {fileID: 0}
    - target: {fileID: 19800004, guid: 14ecb12aff6c62a498bc7fc81db82610, type: 3}
      propertyPath: InitialModule.startSize.scalar
      value: 1
      objectReference: {fileID: 0}
    - target: {fileID: 19800004, guid: 14ecb12aff6c62a498bc7fc81db82610, type: 3}
      propertyPath: InitialModule.startSize.minScalar
      value: 0.7
      objectReference: {fileID: 0}
    - target: {fileID: 19800004, guid: 14ecb12aff6c62a498bc7fc81db82610, type: 3}
      propertyPath: InitialModule.startLifetime.scalar
      value: 0.2
      objectReference: {fileID: 0}
    m_RemovedComponents: []
  m_SourcePrefab: {fileID: 100100000, guid: 14ecb12aff6c62a498bc7fc81db82610, type: 3}
--- !u!198 &7388896660587097758 stripped
ParticleSystem:
  m_CorrespondingSourceObject: {fileID: 19800004, guid: 14ecb12aff6c62a498bc7fc81db82610,
    type: 3}
  m_PrefabInstance: {fileID: 7388896660605317466}
  m_PrefabAsset: {fileID: 0}
