%YAML 1.1
%TAG !u! tag:unity3d.com,2011:
--- !u!95 &3351600189029486440
Animator:
  serializedVersion: 3
  m_ObjectHideFlags: 0
  m_CorrespondingSourceObject: {fileID: 0}
  m_PrefabInstance: {fileID: 0}
  m_PrefabAsset: {fileID: 0}
  m_GameObject: {fileID: 7515130152264627206}
  m_Enabled: 1
  m_Avatar: {fileID: 0}
  m_Controller: {fileID: 9100000, guid: 7462e42d94c9c9e4da8ef37138387ab0, type: 2}
  m_CullingMode: 0
  m_UpdateMode: 0
  m_ApplyRootMotion: 0
  m_LinearVelocityBlending: 0
  m_WarningMessage: 
  m_HasTransformHierarchy: 1
  m_AllowConstantClipSamplingOptimization: 1
  m_KeepAnimatorControllerStateOnDisable: 0
--- !u!114 &8758929177737394374
MonoBehaviour:
  m_ObjectHideFlags: 0
  m_CorrespondingSourceObject: {fileID: 0}
  m_PrefabInstance: {fileID: 0}
  m_PrefabAsset: {fileID: 0}
  m_GameObject: {fileID: 7515130152264627206}
  m_Enabled: 1
  m_EditorHideFlags: 0
  m_Script: {fileID: 11500000, guid: c411b1c81156e054e94f1e780057e4a9, type: 3}
  m_Name: 
  m_EditorClassIdentifier: 
  onEnter: {fileID: 0}
  interactName: Handgun
  keyPress: 101
  weaponType: 1
  ammo: 0
  RPGTalkArea: {fileID: 3703228058792469801}
--- !u!1 &4664746623667397486
GameObject:
  m_ObjectHideFlags: 0
  m_CorrespondingSourceObject: {fileID: 0}
  m_PrefabInstance: {fileID: 0}
  m_PrefabAsset: {fileID: 0}
  serializedVersion: 6
  m_Component:
  - component: {fileID: 8987993510513312763}
  - component: {fileID: 1234858394769979123}
  m_Layer: 0
  m_Name: PickupSound
  m_TagString: Untagged
  m_Icon: {fileID: 0}
  m_NavMeshLayer: 0
  m_StaticEditorFlags: 0
  m_IsActive: 1
--- !u!4 &8987993510513312763
Transform:
  m_ObjectHideFlags: 0
  m_CorrespondingSourceObject: {fileID: 0}
  m_PrefabInstance: {fileID: 0}
  m_PrefabAsset: {fileID: 0}
  m_GameObject: {fileID: 4664746623667397486}
  m_LocalRotation: {x: -0, y: -0, z: -0, w: 1}
  m_LocalPosition: {x: -0.24551883, y: 0.24651384, z: 0.048591614}
  m_LocalScale: {x: 1, y: 1, z: 1}
  m_Children: []
  m_Father: {fileID: 590623037306010428}
  m_RootOrder: 5
  m_LocalEulerAnglesHint: {x: 0, y: 0, z: 0}
--- !u!82 &1234858394769979123
AudioSource:
  m_ObjectHideFlags: 0
  m_CorrespondingSourceObject: {fileID: 0}
  m_PrefabInstance: {fileID: 0}
  m_PrefabAsset: {fileID: 0}
  m_GameObject: {fileID: 4664746623667397486}
  m_Enabled: 1
  serializedVersion: 4
  OutputAudioMixerGroup: {fileID: 0}
  m_audioClip: {fileID: 8300000, guid: a89a154f715a8f840809a838d25ed5db, type: 3}
  m_PlayOnAwake: 0
  m_Volume: 1
  m_Pitch: 1
  Loop: 0
  Mute: 0
  Spatialize: 0
  SpatializePostEffects: 0
  Priority: 128
  DopplerLevel: 1
  MinDistance: 1
  MaxDistance: 500
  Pan2D: 0
  rolloffMode: 0
  BypassEffects: 0
  BypassListenerEffects: 0
  BypassReverbZones: 0
  rolloffCustomCurve:
    serializedVersion: 2
    m_Curve:
    - serializedVersion: 3
      time: 0
      value: 1
      inSlope: 0
      outSlope: 0
      tangentMode: 0
      weightedMode: 0
      inWeight: 0.33333334
      outWeight: 0.33333334
    - serializedVersion: 3
      time: 1
      value: 0
      inSlope: 0
      outSlope: 0
      tangentMode: 0
      weightedMode: 0
      inWeight: 0.33333334
      outWeight: 0.33333334
    m_PreInfinity: 2
    m_PostInfinity: 2
    m_RotationOrder: 4
  panLevelCustomCurve:
    serializedVersion: 2
    m_Curve:
    - serializedVersion: 3
      time: 0
      value: 0
      inSlope: 0
      outSlope: 0
      tangentMode: 0
      weightedMode: 0
      inWeight: 0.33333334
      outWeight: 0.33333334
    m_PreInfinity: 2
    m_PostInfinity: 2
    m_RotationOrder: 4
  spreadCustomCurve:
    serializedVersion: 2
    m_Curve:
    - serializedVersion: 3
      time: 0
      value: 0
      inSlope: 0
      outSlope: 0
      tangentMode: 0
      weightedMode: 0
      inWeight: 0.33333334
      outWeight: 0.33333334
    m_PreInfinity: 2
    m_PostInfinity: 2
    m_RotationOrder: 4
  reverbZoneMixCustomCurve:
    serializedVersion: 2
    m_Curve:
    - serializedVersion: 3
      time: 0
      value: 1
      inSlope: 0
      outSlope: 0
      tangentMode: 0
      weightedMode: 0
      inWeight: 0.33333334
      outWeight: 0.33333334
    m_PreInfinity: 2
    m_PostInfinity: 2
    m_RotationOrder: 4
--- !u!1001 &288105564712183937
PrefabInstance:
  m_ObjectHideFlags: 0
  serializedVersion: 2
  m_Modification:
    m_TransformParent: {fileID: 0}
    m_Modifications:
    - target: {fileID: 850581069910692797, guid: 29300117ea5a60747ba78c213f9b27fb,
        type: 3}
      propertyPath: m_RootOrder
      value: 0
      objectReference: {fileID: 0}
    - target: {fileID: 850581069910692797, guid: 29300117ea5a60747ba78c213f9b27fb,
        type: 3}
      propertyPath: m_LocalPosition.x
      value: 0
      objectReference: {fileID: 0}
    - target: {fileID: 850581069910692797, guid: 29300117ea5a60747ba78c213f9b27fb,
        type: 3}
      propertyPath: m_LocalPosition.y
      value: 0
      objectReference: {fileID: 0}
    - target: {fileID: 850581069910692797, guid: 29300117ea5a60747ba78c213f9b27fb,
        type: 3}
      propertyPath: m_LocalPosition.z
      value: 0
      objectReference: {fileID: 0}
    - target: {fileID: 850581069910692797, guid: 29300117ea5a60747ba78c213f9b27fb,
        type: 3}
      propertyPath: m_LocalRotation.w
      value: 1
      objectReference: {fileID: 0}
    - target: {fileID: 850581069910692797, guid: 29300117ea5a60747ba78c213f9b27fb,
        type: 3}
      propertyPath: m_LocalRotation.x
      value: -0
      objectReference: {fileID: 0}
    - target: {fileID: 850581069910692797, guid: 29300117ea5a60747ba78c213f9b27fb,
        type: 3}
      propertyPath: m_LocalRotation.y
      value: -0
      objectReference: {fileID: 0}
    - target: {fileID: 850581069910692797, guid: 29300117ea5a60747ba78c213f9b27fb,
        type: 3}
      propertyPath: m_LocalRotation.z
      value: -0
      objectReference: {fileID: 0}
    - target: {fileID: 850581069910692797, guid: 29300117ea5a60747ba78c213f9b27fb,
        type: 3}
      propertyPath: m_LocalEulerAnglesHint.x
      value: 0
      objectReference: {fileID: 0}
    - target: {fileID: 850581069910692797, guid: 29300117ea5a60747ba78c213f9b27fb,
        type: 3}
      propertyPath: m_LocalEulerAnglesHint.y
      value: 0
      objectReference: {fileID: 0}
    - target: {fileID: 850581069910692797, guid: 29300117ea5a60747ba78c213f9b27fb,
        type: 3}
      propertyPath: m_LocalEulerAnglesHint.z
      value: 0
      objectReference: {fileID: 0}
    - target: {fileID: 3351258247784699284, guid: 29300117ea5a60747ba78c213f9b27fb,
        type: 3}
      propertyPath: m_Materials.Array.data[0]
      value: 
      objectReference: {fileID: 2100000, guid: e503ca07134c600489c508a18ef3cc30, type: 2}
    - target: {fileID: 5872593097678581850, guid: 29300117ea5a60747ba78c213f9b27fb,
        type: 3}
      propertyPath: m_LocalScale.x
      value: 1.5771
      objectReference: {fileID: 0}
    - target: {fileID: 5872593097678581850, guid: 29300117ea5a60747ba78c213f9b27fb,
        type: 3}
      propertyPath: m_LocalScale.y
      value: 1.5771
      objectReference: {fileID: 0}
    - target: {fileID: 5872593097678581850, guid: 29300117ea5a60747ba78c213f9b27fb,
        type: 3}
      propertyPath: m_LocalScale.z
      value: 1.5771
      objectReference: {fileID: 0}
    - target: {fileID: 5872593097678581850, guid: 29300117ea5a60747ba78c213f9b27fb,
        type: 3}
      propertyPath: m_LocalPosition.x
      value: 0.013623736
      objectReference: {fileID: 0}
    - target: {fileID: 5872593097678581850, guid: 29300117ea5a60747ba78c213f9b27fb,
        type: 3}
      propertyPath: m_LocalPosition.y
      value: 0.014
      objectReference: {fileID: 0}
    - target: {fileID: 5872593097678581850, guid: 29300117ea5a60747ba78c213f9b27fb,
        type: 3}
      propertyPath: m_LocalPosition.z
      value: -0.045
      objectReference: {fileID: 0}
    - target: {fileID: 5872593097678581850, guid: 29300117ea5a60747ba78c213f9b27fb,
        type: 3}
      propertyPath: m_LocalRotation.w
      value: 0.4304607
      objectReference: {fileID: 0}
    - target: {fileID: 5872593097678581850, guid: 29300117ea5a60747ba78c213f9b27fb,
        type: 3}
      propertyPath: m_LocalRotation.x
      value: 0.43045828
      objectReference: {fileID: 0}
    - target: {fileID: 5872593097678581850, guid: 29300117ea5a60747ba78c213f9b27fb,
        type: 3}
      propertyPath: m_LocalRotation.y
      value: -0.5609851
      objectReference: {fileID: 0}
    - target: {fileID: 5872593097678581850, guid: 29300117ea5a60747ba78c213f9b27fb,
        type: 3}
      propertyPath: m_LocalRotation.z
      value: 0.5609858
      objectReference: {fileID: 0}
    - target: {fileID: 5872593097678581850, guid: 29300117ea5a60747ba78c213f9b27fb,
        type: 3}
      propertyPath: m_LocalEulerAnglesHint.x
      value: 90.00001
      objectReference: {fileID: 0}
    - target: {fileID: 5872593097678581850, guid: 29300117ea5a60747ba78c213f9b27fb,
        type: 3}
      propertyPath: m_LocalEulerAnglesHint.y
      value: 0
      objectReference: {fileID: 0}
    - target: {fileID: 5872593097678581850, guid: 29300117ea5a60747ba78c213f9b27fb,
        type: 3}
      propertyPath: m_LocalEulerAnglesHint.z
      value: 105.00001
      objectReference: {fileID: 0}
    - target: {fileID: 7760992376553004167, guid: 29300117ea5a60747ba78c213f9b27fb,
        type: 3}
      propertyPath: m_Name
      value: weap_pistol PICKUP
      objectReference: {fileID: 0}
    m_RemovedComponents: []
  m_SourcePrefab: {fileID: 100100000, guid: 29300117ea5a60747ba78c213f9b27fb, type: 3}
--- !u!1 &7515130152264627206 stripped
GameObject:
  m_CorrespondingSourceObject: {fileID: 7760992376553004167, guid: 29300117ea5a60747ba78c213f9b27fb,
    type: 3}
  m_PrefabInstance: {fileID: 288105564712183937}
  m_PrefabAsset: {fileID: 0}
--- !u!4 &590623037306010428 stripped
Transform:
  m_CorrespondingSourceObject: {fileID: 850581069910692797, guid: 29300117ea5a60747ba78c213f9b27fb,
    type: 3}
  m_PrefabInstance: {fileID: 288105564712183937}
  m_PrefabAsset: {fileID: 0}
--- !u!1001 &1182815627471592072
PrefabInstance:
  m_ObjectHideFlags: 0
  serializedVersion: 2
  m_Modification:
    m_TransformParent: {fileID: 590623037306010428}
    m_Modifications:
    - target: {fileID: 2526157408303857569, guid: 539c67fe423edde4bb5dff4fcde12253,
        type: 3}
      propertyPath: txtToParse
      value: 
      objectReference: {fileID: 4900000, guid: 8a50524430d0fab49bad2c66314aadce, type: 3}
    - target: {fileID: 2526157408303857569, guid: 539c67fe423edde4bb5dff4fcde12253,
        type: 3}
      propertyPath: lineToBreak
      value: 15
      objectReference: {fileID: 0}
    - target: {fileID: 2526157408303857569, guid: 539c67fe423edde4bb5dff4fcde12253,
        type: 3}
      propertyPath: lineToStart
      value: 15
      objectReference: {fileID: 0}
    - target: {fileID: 2526157408303857569, guid: 539c67fe423edde4bb5dff4fcde12253,
        type: 3}
      propertyPath: rpgtalkTarget
      value: 
      objectReference: {fileID: 7601499125874635714}
    - target: {fileID: 2526157408303857569, guid: 539c67fe423edde4bb5dff4fcde12253,
        type: 3}
      propertyPath: showWhenInteractionIsPossible.Array.data[0]
      value: 
      objectReference: {fileID: 4768435266796877114}
    - target: {fileID: 2526157408303857569, guid: 539c67fe423edde4bb5dff4fcde12253,
        type: 3}
      propertyPath: callbackBeforeTalk.m_PersistentCalls.m_Calls.Array.size
      value: 1
      objectReference: {fileID: 0}
    - target: {fileID: 2526157408303857569, guid: 539c67fe423edde4bb5dff4fcde12253,
        type: 3}
      propertyPath: callbackBeforeTalk.m_PersistentCalls.m_Calls.Array.data[0].m_Mode
      value: 1
      objectReference: {fileID: 0}
    - target: {fileID: 2526157408303857569, guid: 539c67fe423edde4bb5dff4fcde12253,
        type: 3}
      propertyPath: callbackBeforeTalk.m_PersistentCalls.m_Calls.Array.data[0].m_Target
      value: 
      objectReference: {fileID: 1234858394769979123}
    - target: {fileID: 2526157408303857569, guid: 539c67fe423edde4bb5dff4fcde12253,
        type: 3}
      propertyPath: callbackBeforeTalk.m_PersistentCalls.m_Calls.Array.data[0].m_CallState
      value: 2
      objectReference: {fileID: 0}
    - target: {fileID: 2526157408303857569, guid: 539c67fe423edde4bb5dff4fcde12253,
        type: 3}
      propertyPath: callbackBeforeTalk.m_PersistentCalls.m_Calls.Array.data[0].m_MethodName
      value: Play
      objectReference: {fileID: 0}
    - target: {fileID: 2526157408303857569, guid: 539c67fe423edde4bb5dff4fcde12253,
        type: 3}
      propertyPath: callbackBeforeTalk.m_PersistentCalls.m_Calls.Array.data[0].m_Arguments.m_ObjectArgumentAssemblyTypeName
      value: UnityEngine.Object, UnityEngine
      objectReference: {fileID: 0}
    - target: {fileID: 3546897107960130560, guid: 539c67fe423edde4bb5dff4fcde12253,
        type: 3}
      propertyPath: m_Name
      value: Inspect
      objectReference: {fileID: 0}
    - target: {fileID: 3546897107960130560, guid: 539c67fe423edde4bb5dff4fcde12253,
        type: 3}
      propertyPath: m_IsActive
      value: 1
      objectReference: {fileID: 0}
    - target: {fileID: 5400400303731364019, guid: 539c67fe423edde4bb5dff4fcde12253,
        type: 3}
      propertyPath: m_Size.x
      value: 1
      objectReference: {fileID: 0}
    - target: {fileID: 5400400303731364019, guid: 539c67fe423edde4bb5dff4fcde12253,
        type: 3}
      propertyPath: m_Size.y
      value: 1
      objectReference: {fileID: 0}
    - target: {fileID: 5400400303731364019, guid: 539c67fe423edde4bb5dff4fcde12253,
        type: 3}
      propertyPath: m_Size.z
      value: 1
      objectReference: {fileID: 0}
    - target: {fileID: 5400400303731364019, guid: 539c67fe423edde4bb5dff4fcde12253,
        type: 3}
      propertyPath: m_Enabled
      value: 0
      objectReference: {fileID: 0}
    - target: {fileID: 5400400303731364019, guid: 539c67fe423edde4bb5dff4fcde12253,
        type: 3}
      propertyPath: m_Center.x
      value: 0
      objectReference: {fileID: 0}
    - target: {fileID: 5400400303731364019, guid: 539c67fe423edde4bb5dff4fcde12253,
        type: 3}
      propertyPath: m_Center.y
      value: 0.025
      objectReference: {fileID: 0}
    - target: {fileID: 5400400303731364019, guid: 539c67fe423edde4bb5dff4fcde12253,
        type: 3}
      propertyPath: m_Center.z
      value: 0.05
      objectReference: {fileID: 0}
    - target: {fileID: 5400400303731364019, guid: 539c67fe423edde4bb5dff4fcde12253,
        type: 3}
      propertyPath: m_IsTrigger
      value: 0
      objectReference: {fileID: 0}
    - target: {fileID: 6842017315671247073, guid: 539c67fe423edde4bb5dff4fcde12253,
        type: 3}
      propertyPath: m_RootOrder
      value: 2
      objectReference: {fileID: 0}
    - target: {fileID: 6842017315671247073, guid: 539c67fe423edde4bb5dff4fcde12253,
        type: 3}
      propertyPath: m_LocalScale.x
      value: 1
      objectReference: {fileID: 0}
    - target: {fileID: 6842017315671247073, guid: 539c67fe423edde4bb5dff4fcde12253,
        type: 3}
      propertyPath: m_LocalScale.y
      value: 1
      objectReference: {fileID: 0}
    - target: {fileID: 6842017315671247073, guid: 539c67fe423edde4bb5dff4fcde12253,
        type: 3}
      propertyPath: m_LocalScale.z
      value: 1
      objectReference: {fileID: 0}
    - target: {fileID: 6842017315671247073, guid: 539c67fe423edde4bb5dff4fcde12253,
        type: 3}
      propertyPath: m_LocalPosition.x
      value: 0
      objectReference: {fileID: 0}
    - target: {fileID: 6842017315671247073, guid: 539c67fe423edde4bb5dff4fcde12253,
        type: 3}
      propertyPath: m_LocalPosition.y
      value: 0
      objectReference: {fileID: 0}
    - target: {fileID: 6842017315671247073, guid: 539c67fe423edde4bb5dff4fcde12253,
        type: 3}
      propertyPath: m_LocalPosition.z
      value: 0
      objectReference: {fileID: 0}
    - target: {fileID: 6842017315671247073, guid: 539c67fe423edde4bb5dff4fcde12253,
        type: 3}
      propertyPath: m_LocalRotation.w
      value: 1
      objectReference: {fileID: 0}
    - target: {fileID: 6842017315671247073, guid: 539c67fe423edde4bb5dff4fcde12253,
        type: 3}
      propertyPath: m_LocalRotation.x
      value: -0
      objectReference: {fileID: 0}
    - target: {fileID: 6842017315671247073, guid: 539c67fe423edde4bb5dff4fcde12253,
        type: 3}
      propertyPath: m_LocalRotation.y
      value: -0
      objectReference: {fileID: 0}
    - target: {fileID: 6842017315671247073, guid: 539c67fe423edde4bb5dff4fcde12253,
        type: 3}
      propertyPath: m_LocalRotation.z
      value: -0
      objectReference: {fileID: 0}
    - target: {fileID: 6842017315671247073, guid: 539c67fe423edde4bb5dff4fcde12253,
        type: 3}
      propertyPath: m_LocalEulerAnglesHint.x
      value: 0
      objectReference: {fileID: 0}
    - target: {fileID: 6842017315671247073, guid: 539c67fe423edde4bb5dff4fcde12253,
        type: 3}
      propertyPath: m_LocalEulerAnglesHint.y
      value: 0
      objectReference: {fileID: 0}
    - target: {fileID: 6842017315671247073, guid: 539c67fe423edde4bb5dff4fcde12253,
        type: 3}
      propertyPath: m_LocalEulerAnglesHint.z
      value: 0
      objectReference: {fileID: 0}
    m_RemovedComponents: []
  m_SourcePrefab: {fileID: 100100000, guid: 539c67fe423edde4bb5dff4fcde12253, type: 3}
--- !u!114 &3703228058792469801 stripped
MonoBehaviour:
  m_CorrespondingSourceObject: {fileID: 2526157408303857569, guid: 539c67fe423edde4bb5dff4fcde12253,
    type: 3}
  m_PrefabInstance: {fileID: 1182815627471592072}
  m_PrefabAsset: {fileID: 0}
  m_GameObject: {fileID: 0}
  m_Enabled: 1
  m_EditorHideFlags: 0
  m_Script: {fileID: 11500000, guid: 0af02b5d7648a4e8492f3b9fc160319d, type: 3}
  m_Name: 
  m_EditorClassIdentifier: 
--- !u!1001 &5270830897599470742
PrefabInstance:
  m_ObjectHideFlags: 0
  serializedVersion: 2
  m_Modification:
    m_TransformParent: {fileID: 590623037306010428}
    m_Modifications:
    - target: {fileID: 4317160709244778903, guid: d9a8905b734d9a74b8b9a17e926b712d,
        type: 3}
      propertyPath: m_RootOrder
      value: 1
      objectReference: {fileID: 0}
    - target: {fileID: 4317160709244778903, guid: d9a8905b734d9a74b8b9a17e926b712d,
        type: 3}
      propertyPath: m_LocalPosition.x
      value: 0
      objectReference: {fileID: 0}
    - target: {fileID: 4317160709244778903, guid: d9a8905b734d9a74b8b9a17e926b712d,
        type: 3}
      propertyPath: m_LocalPosition.y
      value: 0.096
      objectReference: {fileID: 0}
    - target: {fileID: 4317160709244778903, guid: d9a8905b734d9a74b8b9a17e926b712d,
        type: 3}
      propertyPath: m_LocalPosition.z
      value: 0
      objectReference: {fileID: 0}
    - target: {fileID: 4317160709244778903, guid: d9a8905b734d9a74b8b9a17e926b712d,
        type: 3}
      propertyPath: m_LocalRotation.w
      value: 1
      objectReference: {fileID: 0}
    - target: {fileID: 4317160709244778903, guid: d9a8905b734d9a74b8b9a17e926b712d,
        type: 3}
      propertyPath: m_LocalRotation.x
      value: 0
      objectReference: {fileID: 0}
    - target: {fileID: 4317160709244778903, guid: d9a8905b734d9a74b8b9a17e926b712d,
        type: 3}
      propertyPath: m_LocalRotation.y
      value: 0
      objectReference: {fileID: 0}
    - target: {fileID: 4317160709244778903, guid: d9a8905b734d9a74b8b9a17e926b712d,
        type: 3}
      propertyPath: m_LocalRotation.z
      value: 0
      objectReference: {fileID: 0}
    - target: {fileID: 4317160709244778903, guid: d9a8905b734d9a74b8b9a17e926b712d,
        type: 3}
      propertyPath: m_LocalEulerAnglesHint.x
      value: 0
      objectReference: {fileID: 0}
    - target: {fileID: 4317160709244778903, guid: d9a8905b734d9a74b8b9a17e926b712d,
        type: 3}
      propertyPath: m_LocalEulerAnglesHint.y
      value: 0
      objectReference: {fileID: 0}
    - target: {fileID: 4317160709244778903, guid: d9a8905b734d9a74b8b9a17e926b712d,
        type: 3}
      propertyPath: m_LocalEulerAnglesHint.z
      value: 0
      objectReference: {fileID: 0}
    - target: {fileID: 4555890240259929010, guid: d9a8905b734d9a74b8b9a17e926b712d,
        type: 3}
      propertyPath: m_Name
      value: InteractionArrowPickup
      objectReference: {fileID: 0}
    m_RemovedComponents: []
  m_SourcePrefab: {fileID: 100100000, guid: d9a8905b734d9a74b8b9a17e926b712d, type: 3}
--- !u!1001 &7095421801073159061
PrefabInstance:
  m_ObjectHideFlags: 0
  serializedVersion: 2
  m_Modification:
    m_TransformParent: {fileID: 590623037306010428}
    m_Modifications:
    - target: {fileID: 2329735485256654507, guid: 3e36012c55d7c894395fcf5f1b4cc57a,
        type: 3}
      propertyPath: m_Pivot.x
      value: 0
      objectReference: {fileID: 0}
    - target: {fileID: 2329735485256654507, guid: 3e36012c55d7c894395fcf5f1b4cc57a,
        type: 3}
      propertyPath: m_Pivot.y
      value: 0
      objectReference: {fileID: 0}
    - target: {fileID: 2329735485256654507, guid: 3e36012c55d7c894395fcf5f1b4cc57a,
        type: 3}
      propertyPath: m_RootOrder
      value: 4
      objectReference: {fileID: 0}
    - target: {fileID: 2329735485256654507, guid: 3e36012c55d7c894395fcf5f1b4cc57a,
        type: 3}
      propertyPath: m_AnchorMax.x
      value: 0
      objectReference: {fileID: 0}
    - target: {fileID: 2329735485256654507, guid: 3e36012c55d7c894395fcf5f1b4cc57a,
        type: 3}
      propertyPath: m_AnchorMax.y
      value: 0
      objectReference: {fileID: 0}
    - target: {fileID: 2329735485256654507, guid: 3e36012c55d7c894395fcf5f1b4cc57a,
        type: 3}
      propertyPath: m_AnchorMin.x
      value: 0
      objectReference: {fileID: 0}
    - target: {fileID: 2329735485256654507, guid: 3e36012c55d7c894395fcf5f1b4cc57a,
        type: 3}
      propertyPath: m_AnchorMin.y
      value: 0
      objectReference: {fileID: 0}
    - target: {fileID: 2329735485256654507, guid: 3e36012c55d7c894395fcf5f1b4cc57a,
        type: 3}
      propertyPath: m_SizeDelta.x
      value: 0
      objectReference: {fileID: 0}
    - target: {fileID: 2329735485256654507, guid: 3e36012c55d7c894395fcf5f1b4cc57a,
        type: 3}
      propertyPath: m_SizeDelta.y
      value: 0
      objectReference: {fileID: 0}
    - target: {fileID: 2329735485256654507, guid: 3e36012c55d7c894395fcf5f1b4cc57a,
        type: 3}
      propertyPath: m_LocalPosition.x
      value: 0
      objectReference: {fileID: 0}
    - target: {fileID: 2329735485256654507, guid: 3e36012c55d7c894395fcf5f1b4cc57a,
        type: 3}
      propertyPath: m_LocalPosition.y
      value: 0
      objectReference: {fileID: 0}
    - target: {fileID: 2329735485256654507, guid: 3e36012c55d7c894395fcf5f1b4cc57a,
        type: 3}
      propertyPath: m_LocalPosition.z
      value: 0
      objectReference: {fileID: 0}
    - target: {fileID: 2329735485256654507, guid: 3e36012c55d7c894395fcf5f1b4cc57a,
        type: 3}
      propertyPath: m_LocalRotation.w
      value: 1
      objectReference: {fileID: 0}
    - target: {fileID: 2329735485256654507, guid: 3e36012c55d7c894395fcf5f1b4cc57a,
        type: 3}
      propertyPath: m_LocalRotation.x
      value: -0
      objectReference: {fileID: 0}
    - target: {fileID: 2329735485256654507, guid: 3e36012c55d7c894395fcf5f1b4cc57a,
        type: 3}
      propertyPath: m_LocalRotation.y
      value: -0
      objectReference: {fileID: 0}
    - target: {fileID: 2329735485256654507, guid: 3e36012c55d7c894395fcf5f1b4cc57a,
        type: 3}
      propertyPath: m_LocalRotation.z
      value: -0
      objectReference: {fileID: 0}
    - target: {fileID: 2329735485256654507, guid: 3e36012c55d7c894395fcf5f1b4cc57a,
        type: 3}
      propertyPath: m_AnchoredPosition.x
      value: 0
      objectReference: {fileID: 0}
    - target: {fileID: 2329735485256654507, guid: 3e36012c55d7c894395fcf5f1b4cc57a,
        type: 3}
      propertyPath: m_AnchoredPosition.y
      value: 0
      objectReference: {fileID: 0}
    - target: {fileID: 2329735485256654507, guid: 3e36012c55d7c894395fcf5f1b4cc57a,
        type: 3}
      propertyPath: m_LocalEulerAnglesHint.x
      value: 0
      objectReference: {fileID: 0}
    - target: {fileID: 2329735485256654507, guid: 3e36012c55d7c894395fcf5f1b4cc57a,
        type: 3}
      propertyPath: m_LocalEulerAnglesHint.y
      value: 0
      objectReference: {fileID: 0}
    - target: {fileID: 2329735485256654507, guid: 3e36012c55d7c894395fcf5f1b4cc57a,
        type: 3}
      propertyPath: m_LocalEulerAnglesHint.z
      value: 0
      objectReference: {fileID: 0}
    - target: {fileID: 2329735485256654511, guid: 3e36012c55d7c894395fcf5f1b4cc57a,
        type: 3}
      propertyPath: m_Name
      value: CanvasInstruction
      objectReference: {fileID: 0}
    - target: {fileID: 2329735485898205097, guid: 3e36012c55d7c894395fcf5f1b4cc57a,
        type: 3}
      propertyPath: m_Controller
      value: 
      objectReference: {fileID: 0}
    m_RemovedComponents: []
  m_SourcePrefab: {fileID: 100100000, guid: 3e36012c55d7c894395fcf5f1b4cc57a, type: 3}
--- !u!1 &4768435266796877114 stripped
GameObject:
  m_CorrespondingSourceObject: {fileID: 2329735485256654511, guid: 3e36012c55d7c894395fcf5f1b4cc57a,
    type: 3}
  m_PrefabInstance: {fileID: 7095421801073159061}
  m_PrefabAsset: {fileID: 0}
--- !u!1001 &8514271079315256849
PrefabInstance:
  m_ObjectHideFlags: 0
  serializedVersion: 2
  m_Modification:
    m_TransformParent: {fileID: 590623037306010428}
    m_Modifications:
    - target: {fileID: 2257771543021258193, guid: 1c58d9bc6d480ff4fb7fc8fa02f2eced,
        type: 3}
      propertyPath: m_Name
      value: DialogueHolder
      objectReference: {fileID: 0}
    - target: {fileID: 2257771543021258194, guid: 1c58d9bc6d480ff4fb7fc8fa02f2eced,
        type: 3}
      propertyPath: m_RootOrder
      value: 3
      objectReference: {fileID: 0}
    - target: {fileID: 2257771543021258194, guid: 1c58d9bc6d480ff4fb7fc8fa02f2eced,
        type: 3}
      propertyPath: m_LocalPosition.x
      value: 0
      objectReference: {fileID: 0}
    - target: {fileID: 2257771543021258194, guid: 1c58d9bc6d480ff4fb7fc8fa02f2eced,
        type: 3}
      propertyPath: m_LocalPosition.y
      value: 0
      objectReference: {fileID: 0}
    - target: {fileID: 2257771543021258194, guid: 1c58d9bc6d480ff4fb7fc8fa02f2eced,
        type: 3}
      propertyPath: m_LocalPosition.z
      value: 0
      objectReference: {fileID: 0}
    - target: {fileID: 2257771543021258194, guid: 1c58d9bc6d480ff4fb7fc8fa02f2eced,
        type: 3}
      propertyPath: m_LocalRotation.w
      value: 1
      objectReference: {fileID: 0}
    - target: {fileID: 2257771543021258194, guid: 1c58d9bc6d480ff4fb7fc8fa02f2eced,
        type: 3}
      propertyPath: m_LocalRotation.x
      value: -0
      objectReference: {fileID: 0}
    - target: {fileID: 2257771543021258194, guid: 1c58d9bc6d480ff4fb7fc8fa02f2eced,
        type: 3}
      propertyPath: m_LocalRotation.y
      value: -0
      objectReference: {fileID: 0}
    - target: {fileID: 2257771543021258194, guid: 1c58d9bc6d480ff4fb7fc8fa02f2eced,
        type: 3}
      propertyPath: m_LocalRotation.z
      value: -0
      objectReference: {fileID: 0}
    - target: {fileID: 2257771543021258194, guid: 1c58d9bc6d480ff4fb7fc8fa02f2eced,
        type: 3}
      propertyPath: m_LocalEulerAnglesHint.x
      value: 0
      objectReference: {fileID: 0}
    - target: {fileID: 2257771543021258194, guid: 1c58d9bc6d480ff4fb7fc8fa02f2eced,
        type: 3}
      propertyPath: m_LocalEulerAnglesHint.y
      value: 0
      objectReference: {fileID: 0}
    - target: {fileID: 2257771543021258194, guid: 1c58d9bc6d480ff4fb7fc8fa02f2eced,
        type: 3}
      propertyPath: m_LocalEulerAnglesHint.z
      value: 0
      objectReference: {fileID: 0}
    - target: {fileID: 2257771543021258195, guid: 1c58d9bc6d480ff4fb7fc8fa02f2eced,
        type: 3}
      propertyPath: textSpeed
      value: 100
      objectReference: {fileID: 0}
    - target: {fileID: 2257771543266152536, guid: 1c58d9bc6d480ff4fb7fc8fa02f2eced,
        type: 3}
      propertyPath: m_Text
      value: You added <color=yellow>handgun ammo</color> to your inventory.
      objectReference: {fileID: 0}
    - target: {fileID: 2257771543266152536, guid: 1c58d9bc6d480ff4fb7fc8fa02f2eced,
        type: 3}
      propertyPath: m_FontData.m_Alignment
      value: 1
      objectReference: {fileID: 0}
    - target: {fileID: 2257771543266152537, guid: 1c58d9bc6d480ff4fb7fc8fa02f2eced,
        type: 3}
      propertyPath: m_SizeDelta.y
      value: 72.44286
      objectReference: {fileID: 0}
    - target: {fileID: 2257771543266152537, guid: 1c58d9bc6d480ff4fb7fc8fa02f2eced,
        type: 3}
      propertyPath: m_AnchoredPosition.x
      value: 0.0000034598
      objectReference: {fileID: 0}
    - target: {fileID: 2257771543266152537, guid: 1c58d9bc6d480ff4fb7fc8fa02f2eced,
        type: 3}
      propertyPath: m_AnchoredPosition.y
      value: 27.717
      objectReference: {fileID: 0}
    - target: {fileID: 2257771543540675414, guid: 1c58d9bc6d480ff4fb7fc8fa02f2eced,
        type: 3}
      propertyPath: m_IsActive
      value: 1
      objectReference: {fileID: 0}
    - target: {fileID: 2257771543540675416, guid: 1c58d9bc6d480ff4fb7fc8fa02f2eced,
        type: 3}
      propertyPath: m_Type
      value: 0
      objectReference: {fileID: 0}
    - target: {fileID: 2257771543540675416, guid: 1c58d9bc6d480ff4fb7fc8fa02f2eced,
        type: 3}
      propertyPath: m_Sprite
      value: 
      objectReference: {fileID: 21300000, guid: 54acffc5b4b4da84083714da4ff6d953,
        type: 3}
    - target: {fileID: 2257771543540675416, guid: 1c58d9bc6d480ff4fb7fc8fa02f2eced,
        type: 3}
      propertyPath: m_Color.b
      value: 1
      objectReference: {fileID: 0}
    - target: {fileID: 2257771543540675416, guid: 1c58d9bc6d480ff4fb7fc8fa02f2eced,
        type: 3}
      propertyPath: m_Color.g
      value: 1
      objectReference: {fileID: 0}
    - target: {fileID: 2257771543540675416, guid: 1c58d9bc6d480ff4fb7fc8fa02f2eced,
        type: 3}
      propertyPath: m_Color.r
      value: 1
      objectReference: {fileID: 0}
    - target: {fileID: 2257771543540675417, guid: 1c58d9bc6d480ff4fb7fc8fa02f2eced,
        type: 3}
      propertyPath: m_AnchorMax.x
      value: 0.5
      objectReference: {fileID: 0}
    - target: {fileID: 2257771543540675417, guid: 1c58d9bc6d480ff4fb7fc8fa02f2eced,
        type: 3}
      propertyPath: m_AnchorMax.y
      value: 0.5
      objectReference: {fileID: 0}
    - target: {fileID: 2257771543540675417, guid: 1c58d9bc6d480ff4fb7fc8fa02f2eced,
        type: 3}
      propertyPath: m_AnchorMin.x
      value: 0.5
      objectReference: {fileID: 0}
    - target: {fileID: 2257771543540675417, guid: 1c58d9bc6d480ff4fb7fc8fa02f2eced,
        type: 3}
      propertyPath: m_AnchorMin.y
      value: 0.5
      objectReference: {fileID: 0}
    - target: {fileID: 2257771543540675417, guid: 1c58d9bc6d480ff4fb7fc8fa02f2eced,
        type: 3}
      propertyPath: m_SizeDelta.x
      value: 260.71973
      objectReference: {fileID: 0}
    - target: {fileID: 2257771543540675417, guid: 1c58d9bc6d480ff4fb7fc8fa02f2eced,
        type: 3}
      propertyPath: m_SizeDelta.y
      value: 260.71973
      objectReference: {fileID: 0}
    - target: {fileID: 2257771543540675417, guid: 1c58d9bc6d480ff4fb7fc8fa02f2eced,
        type: 3}
      propertyPath: m_AnchoredPosition.x
      value: -0.0000011325
      objectReference: {fileID: 0}
    - target: {fileID: 2257771543540675417, guid: 1c58d9bc6d480ff4fb7fc8fa02f2eced,
        type: 3}
      propertyPath: m_AnchoredPosition.y
      value: 16
      objectReference: {fileID: 0}
    - target: {fileID: 2257771543563994257, guid: 1c58d9bc6d480ff4fb7fc8fa02f2eced,
        type: 3}
      propertyPath: m_IsActive
      value: 1
      objectReference: {fileID: 0}
    - target: {fileID: 2257771543563994258, guid: 1c58d9bc6d480ff4fb7fc8fa02f2eced,
        type: 3}
      propertyPath: m_Sprite
      value: 
      objectReference: {fileID: 21300000, guid: 276a6277fb5ce2c4fa3924f822edcfc9,
        type: 3}
    - target: {fileID: 2257771543563994258, guid: 1c58d9bc6d480ff4fb7fc8fa02f2eced,
        type: 3}
      propertyPath: m_Enabled
      value: 0
      objectReference: {fileID: 0}
    - target: {fileID: 2257771543563994259, guid: 1c58d9bc6d480ff4fb7fc8fa02f2eced,
        type: 3}
      propertyPath: m_Controller
      value: 
      objectReference: {fileID: 0}
    - target: {fileID: 2257771544116163710, guid: 1c58d9bc6d480ff4fb7fc8fa02f2eced,
        type: 3}
      propertyPath: m_LocalPosition.z
      value: 0
      objectReference: {fileID: 0}
    - target: {fileID: 2257771544206264675, guid: 1c58d9bc6d480ff4fb7fc8fa02f2eced,
        type: 3}
      propertyPath: m_SizeDelta.y
      value: 122.29906
      objectReference: {fileID: 0}
    - target: {fileID: 2257771544206264675, guid: 1c58d9bc6d480ff4fb7fc8fa02f2eced,
        type: 3}
      propertyPath: m_AnchoredPosition.y
      value: 233.1
      objectReference: {fileID: 0}
    - target: {fileID: 2257771544621212000, guid: 1c58d9bc6d480ff4fb7fc8fa02f2eced,
        type: 3}
      propertyPath: m_IsActive
      value: 0
      objectReference: {fileID: 0}
    - target: {fileID: 2257771544621212002, guid: 1c58d9bc6d480ff4fb7fc8fa02f2eced,
        type: 3}
      propertyPath: m_Enabled
      value: 1
      objectReference: {fileID: 0}
    - target: {fileID: 2257771544621212004, guid: 1c58d9bc6d480ff4fb7fc8fa02f2eced,
        type: 3}
      propertyPath: m_AnchoredPosition.x
      value: 0
      objectReference: {fileID: 0}
    - target: {fileID: 2257771544621212004, guid: 1c58d9bc6d480ff4fb7fc8fa02f2eced,
        type: 3}
      propertyPath: m_AnchoredPosition.y
      value: 20.6
      objectReference: {fileID: 0}
    m_RemovedComponents:
    - {fileID: 2257771543563994259, guid: 1c58d9bc6d480ff4fb7fc8fa02f2eced, type: 3}
  m_SourcePrefab: {fileID: 100100000, guid: 1c58d9bc6d480ff4fb7fc8fa02f2eced, type: 3}
--- !u!114 &7601499125874635714 stripped
MonoBehaviour:
  m_CorrespondingSourceObject: {fileID: 2257771543021258195, guid: 1c58d9bc6d480ff4fb7fc8fa02f2eced,
    type: 3}
  m_PrefabInstance: {fileID: 8514271079315256849}
  m_PrefabAsset: {fileID: 0}
  m_GameObject: {fileID: 0}
  m_Enabled: 1
  m_EditorHideFlags: 0
  m_Script: {fileID: 11500000, guid: 565fd263440bd45fa9ba0925c60f54f9, type: 3}
  m_Name: 
  m_EditorClassIdentifier: 
