%YAML 1.1
%TAG !u! tag:unity3d.com,2011:
--- !u!1 &1889675175764420811
GameObject:
  m_ObjectHideFlags: 0
  m_CorrespondingSourceObject: {fileID: 0}
  m_PrefabInstance: {fileID: 0}
  m_PrefabAsset: {fileID: 0}
  serializedVersion: 6
  m_Component:
  - component: {fileID: 6391601633178633619}
  m_Layer: 9
  m_Name: ShootPosition
  m_TagString: Untagged
  m_Icon: {fileID: 0}
  m_NavMeshLayer: 0
  m_StaticEditorFlags: 0
  m_IsActive: 1
--- !u!4 &6391601633178633619
Transform:
  m_ObjectHideFlags: 0
  m_CorrespondingSourceObject: {fileID: 0}
  m_PrefabInstance: {fileID: 0}
  m_PrefabAsset: {fileID: 0}
  m_GameObject: {fileID: 1889675175764420811}
  m_LocalRotation: {x: -0, y: 0.70710576, z: -0, w: 0.7071079}
  m_LocalPosition: {x: 0.5220001, y: 0.075, z: 0}
  m_LocalScale: {x: 0.033347994, y: 0.033348, z: 0.033347994}
  m_Children: []
  m_Father: {fileID: 316899916294895078}
  m_RootOrder: 0
  m_LocalEulerAnglesHint: {x: 0, y: 0, z: 0}
--- !u!1 &3297526906171132253
GameObject:
  m_ObjectHideFlags: 0
  m_CorrespondingSourceObject: {fileID: 0}
  m_PrefabInstance: {fileID: 0}
  m_PrefabAsset: {fileID: 0}
  serializedVersion: 6
  m_Component:
  - component: {fileID: 349748445934656080}
  m_Layer: 9
  m_Name: IKHandLPosition
  m_TagString: Untagged
  m_Icon: {fileID: 0}
  m_NavMeshLayer: 0
  m_StaticEditorFlags: 0
  m_IsActive: 1
--- !u!4 &349748445934656080
Transform:
  m_ObjectHideFlags: 0
  m_CorrespondingSourceObject: {fileID: 0}
  m_PrefabInstance: {fileID: 0}
  m_PrefabAsset: {fileID: 0}
  m_GameObject: {fileID: 3297526906171132253}
  m_LocalRotation: {x: 0.97515833, y: 0.013524561, z: 0.14091176, w: -0.17037378}
  m_LocalPosition: {x: 0.1781, y: 0.005, z: 0.054}
  m_LocalScale: {x: 0.033348005, y: 0.03334801, z: 0.033347987}
  m_Children: []
  m_Father: {fileID: 316899916294895078}
  m_RootOrder: 1
  m_LocalEulerAnglesHint: {x: -19.639002, y: 163.32701, z: 181.316}
--- !u!1 &3432912031651228677
GameObject:
  m_ObjectHideFlags: 0
  m_CorrespondingSourceObject: {fileID: 0}
  m_PrefabInstance: {fileID: 0}
  m_PrefabAsset: {fileID: 0}
  serializedVersion: 6
  m_Component:
  - component: {fileID: 2474842693435151927}
  m_Layer: 2
  m_Name: Slider
  m_TagString: Untagged
  m_Icon: {fileID: 0}
  m_NavMeshLayer: 0
  m_StaticEditorFlags: 0
  m_IsActive: 1
--- !u!4 &2474842693435151927
Transform:
  m_ObjectHideFlags: 0
  m_CorrespondingSourceObject: {fileID: 0}
  m_PrefabInstance: {fileID: 0}
  m_PrefabAsset: {fileID: 0}
  m_GameObject: {fileID: 3432912031651228677}
  m_LocalRotation: {x: -0, y: 0.7071069, z: -0, w: 0.70710677}
  m_LocalPosition: {x: 0.106, y: 0.0698, z: -0.116}
  m_LocalScale: {x: 1, y: 1, z: 1}
  m_Children: []
  m_Father: {fileID: 316899916294895078}
  m_RootOrder: 2
  m_LocalEulerAnglesHint: {x: 0, y: 90.00001, z: 0}
--- !u!1 &7114323618531825749
GameObject:
  m_ObjectHideFlags: 0
  m_CorrespondingSourceObject: {fileID: 0}
  m_PrefabInstance: {fileID: 0}
  m_PrefabAsset: {fileID: 0}
  serializedVersion: 6
  m_Component:
  - component: {fileID: 316899916294895078}
  - component: {fileID: 1646573488479291734}
  - component: {fileID: 4984552494349019252}
  m_Layer: 0
  m_Name: weap_rifle
  m_TagString: Untagged
  m_Icon: {fileID: 0}
  m_NavMeshLayer: 0
  m_StaticEditorFlags: 0
  m_IsActive: 1
--- !u!4 &316899916294895078
Transform:
  m_ObjectHideFlags: 0
  m_CorrespondingSourceObject: {fileID: 0}
  m_PrefabInstance: {fileID: 0}
  m_PrefabAsset: {fileID: 0}
  m_GameObject: {fileID: 7114323618531825749}
  m_LocalRotation: {x: -0, y: -0.70710576, z: -0, w: 0.7071079}
  m_LocalPosition: {x: 0, y: 0, z: 0}
  m_LocalScale: {x: 1, y: 1, z: 1}
  m_Children:
  - {fileID: 6391601633178633619}
  - {fileID: 349748445934656080}
  - {fileID: 2474842693435151927}
  m_Father: {fileID: 3205887571309291064}
  m_RootOrder: 0
  m_LocalEulerAnglesHint: {x: 0, y: -90.00001, z: 0}
--- !u!33 &1646573488479291734
MeshFilter:
  m_ObjectHideFlags: 0
  m_CorrespondingSourceObject: {fileID: 0}
  m_PrefabInstance: {fileID: 0}
  m_PrefabAsset: {fileID: 0}
  m_GameObject: {fileID: 7114323618531825749}
  m_Mesh: {fileID: 7005862561380833248, guid: d392f309c689b1840af4a2d135ef5b4b, type: 3}
--- !u!23 &4984552494349019252
MeshRenderer:
  m_ObjectHideFlags: 0
  m_CorrespondingSourceObject: {fileID: 0}
  m_PrefabInstance: {fileID: 0}
  m_PrefabAsset: {fileID: 0}
  m_GameObject: {fileID: 7114323618531825749}
  m_Enabled: 1
  m_CastShadows: 1
  m_ReceiveShadows: 1
  m_DynamicOccludee: 1
  m_MotionVectors: 1
  m_LightProbeUsage: 1
  m_ReflectionProbeUsage: 1
  m_RayTracingMode: 2
  m_RenderingLayerMask: 1
  m_RendererPriority: 0
  m_Materials:
  - {fileID: 2100000, guid: 5ea4a2dab69e6f4449401f630c7dc647, type: 2}
  m_StaticBatchInfo:
    firstSubMesh: 0
    subMeshCount: 0
  m_StaticBatchRoot: {fileID: 0}
  m_ProbeAnchor: {fileID: 0}
  m_LightProbeVolumeOverride: {fileID: 0}
  m_ScaleInLightmap: 1
  m_ReceiveGI: 1
  m_PreserveUVs: 0
  m_IgnoreNormalsForChartDetection: 0
  m_ImportantGI: 0
  m_StitchLightmapSeams: 1
  m_SelectedEditorRenderState: 3
  m_MinimumChartSize: 4
  m_AutoUVMaxDistance: 0.5
  m_AutoUVMaxAngle: 89
  m_LightmapParameters: {fileID: 0}
  m_SortingLayerID: 0
  m_SortingLayer: 0
  m_SortingOrder: 0
--- !u!1 &8819772055278415594
GameObject:
  m_ObjectHideFlags: 0
  m_CorrespondingSourceObject: {fileID: 0}
  m_PrefabInstance: {fileID: 0}
  m_PrefabAsset: {fileID: 0}
  serializedVersion: 6
  m_Component:
  - component: {fileID: 3205887571309291064}
  - component: {fileID: 762404634948515197}
  - component: {fileID: 6082526438642897406}
  - component: {fileID: 6827353383283362121}
  m_Layer: 14
  m_Name: weap_rifle
  m_TagString: Untagged
  m_Icon: {fileID: 0}
  m_NavMeshLayer: 0
  m_StaticEditorFlags: 0
  m_IsActive: 1
--- !u!4 &3205887571309291064
Transform:
  m_ObjectHideFlags: 0
  m_CorrespondingSourceObject: {fileID: 0}
  m_PrefabInstance: {fileID: 0}
  m_PrefabAsset: {fileID: 0}
  m_GameObject: {fileID: 8819772055278415594}
  m_LocalRotation: {x: -0, y: -0, z: -0, w: 1}
  m_LocalPosition: {x: 0, y: 0, z: 0}
  m_LocalScale: {x: 1, y: 1, z: 1}
  m_Children:
  - {fileID: 316899916294895078}
  m_Father: {fileID: 0}
  m_RootOrder: 0
  m_LocalEulerAnglesHint: {x: 0, y: 0, z: 0}
--- !u!82 &762404634948515197
AudioSource:
  m_ObjectHideFlags: 0
  m_CorrespondingSourceObject: {fileID: 0}
  m_PrefabInstance: {fileID: 0}
  m_PrefabAsset: {fileID: 0}
  m_GameObject: {fileID: 8819772055278415594}
  m_Enabled: 1
  serializedVersion: 4
  OutputAudioMixerGroup: {fileID: 0}
  m_audioClip: {fileID: 0}
  m_PlayOnAwake: 1
  m_Volume: 0.1
  m_Pitch: 1
  Loop: 0
  Mute: 0
  Spatialize: 0
  SpatializePostEffects: 0
  Priority: 128
  DopplerLevel: 1
  MinDistance: 1
  MaxDistance: 500
  Pan2D: 0
  rolloffMode: 0
  BypassEffects: 0
  BypassListenerEffects: 0
  BypassReverbZones: 0
  rolloffCustomCurve:
    serializedVersion: 2
    m_Curve:
    - serializedVersion: 3
      time: 0
      value: 1
      inSlope: 0
      outSlope: 0
      tangentMode: 0
      weightedMode: 0
      inWeight: 0.33333334
      outWeight: 0.33333334
    - serializedVersion: 3
      time: 1
      value: 0
      inSlope: 0
      outSlope: 0
      tangentMode: 0
      weightedMode: 0
      inWeight: 0.33333334
      outWeight: 0.33333334
    m_PreInfinity: 2
    m_PostInfinity: 2
    m_RotationOrder: 4
  panLevelCustomCurve:
    serializedVersion: 2
    m_Curve:
    - serializedVersion: 3
      time: 0
      value: 0
      inSlope: 0
      outSlope: 0
      tangentMode: 0
      weightedMode: 0
      inWeight: 0.33333334
      outWeight: 0.33333334
    m_PreInfinity: 2
    m_PostInfinity: 2
    m_RotationOrder: 4
  spreadCustomCurve:
    serializedVersion: 2
    m_Curve:
    - serializedVersion: 3
      time: 0
      value: 0
      inSlope: 0
      outSlope: 0
      tangentMode: 0
      weightedMode: 0
      inWeight: 0.33333334
      outWeight: 0.33333334
    m_PreInfinity: 2
    m_PostInfinity: 2
    m_RotationOrder: 4
  reverbZoneMixCustomCurve:
    serializedVersion: 2
    m_Curve:
    - serializedVersion: 3
      time: 0
      value: 1
      inSlope: 0
      outSlope: 0
      tangentMode: 0
      weightedMode: 0
      inWeight: 0.33333334
      outWeight: 0.33333334
    m_PreInfinity: 2
    m_PostInfinity: 2
    m_RotationOrder: 4
--- !u!114 &6082526438642897406
MonoBehaviour:
  m_ObjectHideFlags: 0
  m_CorrespondingSourceObject: {fileID: 0}
  m_PrefabInstance: {fileID: 0}
  m_PrefabAsset: {fileID: 0}
  m_GameObject: {fileID: 8819772055278415594}
  m_Enabled: 1
  m_EditorHideFlags: 0
  m_Script: {fileID: 11500000, guid: c51f975cbcc6fa04bb89b93551b6187d, type: 3}
  m_Name: 
  m_EditorClassIdentifier: 
  WeaponName: Rifle
  WeaponID: 1
  Unlocked: 1
  Type: 0
  BulletsPerMagazine: 30
  TotalBullets: 0
  BulletsAmounts: 30
  Fire_Rate: 0.12
  Precision: 14
  LossOfAccuracyPerShot: 0.1
  BulletPrefab: {fileID: 3163126826636465162, guid: 02e0e3a4e7ef532438a19a6e72cc7503,
    type: 3}
  MuzzleFlashParticlePrefab: {fileID: 6463995516412543354, guid: 126a491ff75fc2d46865cf8c7b986211,
    type: 3}
  Shoot_Position: {fileID: 6391601633178633619}
  GenerateProceduralAnimation: 1
  RecoilForce: 0.165
  RecoilForceRotation: 6.3
  GunSlider: {fileID: 2474842693435151927}
  SliderMovementOffset: 0
  SliderStartLocalPosition: {x: 0, y: 0, z: 0}
  BulletCasingPrefab: {fileID: 1974163981530008702, guid: 644191ce72b41524492849722b7ea7d5,
    type: 3}
  IK_Position_LeftHand: {fileID: 349748445934656080}
  ShootAudio: {fileID: 8300000, guid: e4126a5e1dfbe8e4e88f69b80358c6e5, type: 3}
  ReloadAudio: {fileID: 8300000, guid: a14edbed5789daa4c9bf22fafb700cdd, type: 3}
  damage: 10
  GizmosVisualizationSettings:
    ResourcesPath: H:/Users/SSHD/Documents/_1 Unity Projects Folders/_HPS1_PathogenX/unity/Assets/Julhiecio
      TPS Controller/Editor/GizmosModels/
    GizmosColor: {r: 0, g: 0, b: 0, a: 0.5}
    WireGizmosColor: {r: 0.9, g: 0.4, b: 0.2, a: 0.5}
    StepVisualizerMesh: {fileID: -3964615163347849732, guid: 6b70b21f3295a7441b544a6f7bd820e9,
      type: 3}
    StepVisualizerWireMesh: {fileID: -3964615163347849732, guid: 17be10cd01a532c44b8d1d89672b99cf,
      type: 3}
    HandVisualizerMesh: {fileID: 2524342215456974474, guid: f43450d739791494e945fcb926d9f321,
      type: 3}
    HandVisualizerWireMesh: {fileID: 7836665536001248718, guid: fe540e1fc719da948bd737a43191696a,
      type: 3}
--- !u!65 &6827353383283362121
BoxCollider:
  m_ObjectHideFlags: 0
  m_CorrespondingSourceObject: {fileID: 0}
  m_PrefabInstance: {fileID: 0}
  m_PrefabAsset: {fileID: 0}
  m_GameObject: {fileID: 8819772055278415594}
  m_Material: {fileID: 0}
  m_IsTrigger: 1
  m_Enabled: 1
  serializedVersion: 2
  m_Size: {x: 1, y: 1, z: 1}
  m_Center: {x: 0, y: 0, z: 0.05}
