%YAML 1.1
%TAG !u! tag:unity3d.com,2011:
--- !u!1 &87465757365567729
GameObject:
  m_ObjectHideFlags: 0
  m_CorrespondingSourceObject: {fileID: 0}
  m_PrefabInstance: {fileID: 0}
  m_PrefabAsset: {fileID: 0}
  serializedVersion: 6
  m_Component:
  - component: {fileID: 9154247266889740035}
  m_Layer: 0
  m_Name: prop_container
  m_TagString: Untagged
  m_Icon: {fileID: 0}
  m_NavMeshLayer: 0
  m_StaticEditorFlags: 0
  m_IsActive: 1
--- !u!4 &9154247266889740035
Transform:
  m_ObjectHideFlags: 0
  m_CorrespondingSourceObject: {fileID: 0}
  m_PrefabInstance: {fileID: 0}
  m_PrefabAsset: {fileID: 0}
  m_GameObject: {fileID: 87465757365567729}
  m_LocalRotation: {x: 0, y: 0, z: 0, w: 1}
  m_LocalPosition: {x: 0, y: 0, z: 0}
  m_LocalScale: {x: 1, y: 1, z: 1}
  m_Children:
  - {fileID: 2118012914513448216}
  - {fileID: 3760077111062103916}
  - {fileID: 5195429199621577687}
  m_Father: {fileID: 0}
  m_RootOrder: 0
  m_LocalEulerAnglesHint: {x: 0, y: 0, z: 0}
--- !u!65 &1109617805222161778
BoxCollider:
  m_ObjectHideFlags: 0
  m_CorrespondingSourceObject: {fileID: 0}
  m_PrefabInstance: {fileID: 0}
  m_PrefabAsset: {fileID: 0}
  m_GameObject: {fileID: 4097942446970382956}
  m_Material: {fileID: 0}
  m_IsTrigger: 0
  m_Enabled: 1
  serializedVersion: 2
  m_Size: {x: 1.843, y: 2.225, z: 3.8842}
  m_Center: {x: 0, y: 1.1125, z: 0}
--- !u!1 &4167770315913936618
GameObject:
  m_ObjectHideFlags: 0
  m_CorrespondingSourceObject: {fileID: 0}
  m_PrefabInstance: {fileID: 0}
  m_PrefabAsset: {fileID: 0}
  serializedVersion: 6
  m_Component:
  - component: {fileID: 3760077111062103916}
  - component: {fileID: 8835827420488747886}
  - component: {fileID: 4745516743257214309}
  m_Layer: 0
  m_Name: Plane (5)
  m_TagString: Untagged
  m_Icon: {fileID: 0}
  m_NavMeshLayer: 0
  m_StaticEditorFlags: 0
  m_IsActive: 1
--- !u!4 &3760077111062103916
Transform:
  m_ObjectHideFlags: 0
  m_CorrespondingSourceObject: {fileID: 0}
  m_PrefabInstance: {fileID: 0}
  m_PrefabAsset: {fileID: 0}
  m_GameObject: {fileID: 4167770315913936618}
  m_LocalRotation: {x: 0.49999857, y: -0.49999994, z: 0.50000006, w: 0.5000015}
  m_LocalPosition: {x: -0.932, y: 1.149, z: 0.00091722}
  m_LocalScale: {x: 0.23294258, y: 0.20938754, z: 0.09570312}
  m_Children: []
  m_Father: {fileID: 9154247266889740035}
  m_RootOrder: 1
  m_LocalEulerAnglesHint: {x: 90.00001, y: 0, z: 90.00001}
--- !u!33 &8835827420488747886
MeshFilter:
  m_ObjectHideFlags: 0
  m_CorrespondingSourceObject: {fileID: 0}
  m_PrefabInstance: {fileID: 0}
  m_PrefabAsset: {fileID: 0}
  m_GameObject: {fileID: 4167770315913936618}
  m_Mesh: {fileID: 10209, guid: 0000000000000000e000000000000000, type: 0}
--- !u!23 &4745516743257214309
MeshRenderer:
  m_ObjectHideFlags: 0
  m_CorrespondingSourceObject: {fileID: 0}
  m_PrefabInstance: {fileID: 0}
  m_PrefabAsset: {fileID: 0}
  m_GameObject: {fileID: 4167770315913936618}
  m_Enabled: 1
  m_CastShadows: 0
  m_ReceiveShadows: 1
  m_DynamicOccludee: 1
  m_MotionVectors: 1
  m_LightProbeUsage: 1
  m_ReflectionProbeUsage: 1
  m_RayTracingMode: 2
  m_RenderingLayerMask: 1
  m_RendererPriority: 0
  m_Materials:
  - {fileID: 2100000, guid: 56af582f74d11de49b31436a407c2f9e, type: 2}
  m_StaticBatchInfo:
    firstSubMesh: 0
    subMeshCount: 0
  m_StaticBatchRoot: {fileID: 0}
  m_ProbeAnchor: {fileID: 0}
  m_LightProbeVolumeOverride: {fileID: 0}
  m_ScaleInLightmap: 1
  m_ReceiveGI: 1
  m_PreserveUVs: 0
  m_IgnoreNormalsForChartDetection: 0
  m_ImportantGI: 0
  m_StitchLightmapSeams: 1
  m_SelectedEditorRenderState: 3
  m_MinimumChartSize: 4
  m_AutoUVMaxDistance: 0.5
  m_AutoUVMaxAngle: 89
  m_LightmapParameters: {fileID: 0}
  m_SortingLayerID: 0
  m_SortingLayer: 0
  m_SortingOrder: 0
--- !u!1 &5678748922712584834
GameObject:
  m_ObjectHideFlags: 0
  m_CorrespondingSourceObject: {fileID: 0}
  m_PrefabInstance: {fileID: 0}
  m_PrefabAsset: {fileID: 0}
  serializedVersion: 6
  m_Component:
  - component: {fileID: 5195429199621577687}
  - component: {fileID: 2455955161943262871}
  - component: {fileID: 2706626822270768580}
  m_Layer: 0
  m_Name: Plane (6)
  m_TagString: Untagged
  m_Icon: {fileID: 0}
  m_NavMeshLayer: 0
  m_StaticEditorFlags: 0
  m_IsActive: 1
--- !u!4 &5195429199621577687
Transform:
  m_ObjectHideFlags: 0
  m_CorrespondingSourceObject: {fileID: 0}
  m_PrefabInstance: {fileID: 0}
  m_PrefabAsset: {fileID: 0}
  m_GameObject: {fileID: 5678748922712584834}
  m_LocalRotation: {x: 0.50000143, y: 0.5000002, z: -0.49999732, w: 0.5000012}
  m_LocalPosition: {x: 0.929, y: 1.149, z: 0.00091720215}
  m_LocalScale: {x: 0.23294258, y: 0.20938754, z: 0.09570312}
  m_Children: []
  m_Father: {fileID: 9154247266889740035}
  m_RootOrder: 2
  m_LocalEulerAnglesHint: {x: 90.00001, y: 0, z: -90.00001}
--- !u!33 &2455955161943262871
MeshFilter:
  m_ObjectHideFlags: 0
  m_CorrespondingSourceObject: {fileID: 0}
  m_PrefabInstance: {fileID: 0}
  m_PrefabAsset: {fileID: 0}
  m_GameObject: {fileID: 5678748922712584834}
  m_Mesh: {fileID: 10209, guid: 0000000000000000e000000000000000, type: 0}
--- !u!23 &2706626822270768580
MeshRenderer:
  m_ObjectHideFlags: 0
  m_CorrespondingSourceObject: {fileID: 0}
  m_PrefabInstance: {fileID: 0}
  m_PrefabAsset: {fileID: 0}
  m_GameObject: {fileID: 5678748922712584834}
  m_Enabled: 1
  m_CastShadows: 0
  m_ReceiveShadows: 1
  m_DynamicOccludee: 1
  m_MotionVectors: 1
  m_LightProbeUsage: 1
  m_ReflectionProbeUsage: 1
  m_RayTracingMode: 2
  m_RenderingLayerMask: 1
  m_RendererPriority: 0
  m_Materials:
  - {fileID: 2100000, guid: 56af582f74d11de49b31436a407c2f9e, type: 2}
  m_StaticBatchInfo:
    firstSubMesh: 0
    subMeshCount: 0
  m_StaticBatchRoot: {fileID: 0}
  m_ProbeAnchor: {fileID: 0}
  m_LightProbeVolumeOverride: {fileID: 0}
  m_ScaleInLightmap: 1
  m_ReceiveGI: 1
  m_PreserveUVs: 0
  m_IgnoreNormalsForChartDetection: 0
  m_ImportantGI: 0
  m_StitchLightmapSeams: 1
  m_SelectedEditorRenderState: 3
  m_MinimumChartSize: 4
  m_AutoUVMaxDistance: 0.5
  m_AutoUVMaxAngle: 89
  m_LightmapParameters: {fileID: 0}
  m_SortingLayerID: 0
  m_SortingLayer: 0
  m_SortingOrder: 0
--- !u!1001 &1940498365082954483
PrefabInstance:
  m_ObjectHideFlags: 0
  serializedVersion: 2
  m_Modification:
    m_TransformParent: {fileID: 9154247266889740035}
    m_Modifications:
    - target: {fileID: -8679921383154817045, guid: bb11284a340b0d24db2a17e194d5f31a,
        type: 3}
      propertyPath: m_RootOrder
      value: 0
      objectReference: {fileID: 0}
    - target: {fileID: -8679921383154817045, guid: bb11284a340b0d24db2a17e194d5f31a,
        type: 3}
      propertyPath: m_LocalPosition.x
      value: 0
      objectReference: {fileID: 0}
    - target: {fileID: -8679921383154817045, guid: bb11284a340b0d24db2a17e194d5f31a,
        type: 3}
      propertyPath: m_LocalPosition.y
      value: 0
      objectReference: {fileID: 0}
    - target: {fileID: -8679921383154817045, guid: bb11284a340b0d24db2a17e194d5f31a,
        type: 3}
      propertyPath: m_LocalPosition.z
      value: 0
      objectReference: {fileID: 0}
    - target: {fileID: -8679921383154817045, guid: bb11284a340b0d24db2a17e194d5f31a,
        type: 3}
      propertyPath: m_LocalRotation.w
      value: 1
      objectReference: {fileID: 0}
    - target: {fileID: -8679921383154817045, guid: bb11284a340b0d24db2a17e194d5f31a,
        type: 3}
      propertyPath: m_LocalRotation.x
      value: -0
      objectReference: {fileID: 0}
    - target: {fileID: -8679921383154817045, guid: bb11284a340b0d24db2a17e194d5f31a,
        type: 3}
      propertyPath: m_LocalRotation.y
      value: -0
      objectReference: {fileID: 0}
    - target: {fileID: -8679921383154817045, guid: bb11284a340b0d24db2a17e194d5f31a,
        type: 3}
      propertyPath: m_LocalRotation.z
      value: -0
      objectReference: {fileID: 0}
    - target: {fileID: -8679921383154817045, guid: bb11284a340b0d24db2a17e194d5f31a,
        type: 3}
      propertyPath: m_LocalEulerAnglesHint.x
      value: 0
      objectReference: {fileID: 0}
    - target: {fileID: -8679921383154817045, guid: bb11284a340b0d24db2a17e194d5f31a,
        type: 3}
      propertyPath: m_LocalEulerAnglesHint.y
      value: 0
      objectReference: {fileID: 0}
    - target: {fileID: -8679921383154817045, guid: bb11284a340b0d24db2a17e194d5f31a,
        type: 3}
      propertyPath: m_LocalEulerAnglesHint.z
      value: 0
      objectReference: {fileID: 0}
    - target: {fileID: 919132149155446097, guid: bb11284a340b0d24db2a17e194d5f31a,
        type: 3}
      propertyPath: m_Name
      value: prop_container
      objectReference: {fileID: 0}
    - target: {fileID: 919132149155446097, guid: bb11284a340b0d24db2a17e194d5f31a,
        type: 3}
      propertyPath: m_Layer
      value: 16
      objectReference: {fileID: 0}
    - target: {fileID: 919132149155446097, guid: bb11284a340b0d24db2a17e194d5f31a,
        type: 3}
      propertyPath: m_StaticEditorFlags
      value: 4294967295
      objectReference: {fileID: 0}
    - target: {fileID: 2463706537061040287, guid: bb11284a340b0d24db2a17e194d5f31a,
        type: 3}
      propertyPath: m_Layer
      value: 16
      objectReference: {fileID: 0}
    - target: {fileID: 2463706537061040287, guid: bb11284a340b0d24db2a17e194d5f31a,
        type: 3}
      propertyPath: m_StaticEditorFlags
      value: 4294967295
      objectReference: {fileID: 0}
    - target: {fileID: 5694059874591286030, guid: bb11284a340b0d24db2a17e194d5f31a,
        type: 3}
      propertyPath: m_Materials.Array.data[0]
      value: 
      objectReference: {fileID: 2100000, guid: 545c6adfd7103354cb0c185013ef2b9e, type: 2}
    - target: {fileID: 6877476350376008592, guid: bb11284a340b0d24db2a17e194d5f31a,
        type: 3}
      propertyPath: m_Materials.Array.data[0]
      value: 
      objectReference: {fileID: 2100000, guid: 066265ef520de9644953aa165b2d86ba, type: 2}
    - target: {fileID: 8409879660560474145, guid: bb11284a340b0d24db2a17e194d5f31a,
        type: 3}
      propertyPath: m_Layer
      value: 16
      objectReference: {fileID: 0}
    - target: {fileID: 8409879660560474145, guid: bb11284a340b0d24db2a17e194d5f31a,
        type: 3}
      propertyPath: m_StaticEditorFlags
      value: 4294967295
      objectReference: {fileID: 0}
    m_RemovedComponents: []
  m_SourcePrefab: {fileID: 100100000, guid: bb11284a340b0d24db2a17e194d5f31a, type: 3}
--- !u!4 &2118012914513448216 stripped
Transform:
  m_CorrespondingSourceObject: {fileID: -8679921383154817045, guid: bb11284a340b0d24db2a17e194d5f31a,
    type: 3}
  m_PrefabInstance: {fileID: 1940498365082954483}
  m_PrefabAsset: {fileID: 0}
--- !u!1 &4097942446970382956 stripped
GameObject:
  m_CorrespondingSourceObject: {fileID: 2463706537061040287, guid: bb11284a340b0d24db2a17e194d5f31a,
    type: 3}
  m_PrefabInstance: {fileID: 1940498365082954483}
  m_PrefabAsset: {fileID: 0}
