%YAML 1.1
%TAG !u! tag:unity3d.com,2011:
--- !u!65 &644745096603224996
BoxCollider:
  m_ObjectHideFlags: 0
  m_CorrespondingSourceObject: {fileID: 0}
  m_PrefabInstance: {fileID: 0}
  m_PrefabAsset: {fileID: 0}
  m_GameObject: {fileID: 8362818125207607049}
  m_Material: {fileID: 0}
  m_IsTrigger: 0
  m_Enabled: 1
  serializedVersion: 2
  m_Size: {x: 1, y: 1.0070238, z: 1.1977999}
  m_Center: {x: 0, y: 0.6023118, z: 0}
--- !u!1 &9035669139233112855
GameObject:
  m_ObjectHideFlags: 0
  m_CorrespondingSourceObject: {fileID: 0}
  m_PrefabInstance: {fileID: 0}
  m_PrefabAsset: {fileID: 0}
  serializedVersion: 6
  m_Component:
  - component: {fileID: 9035669139233112854}
  m_Layer: 0
  m_Name: prop_box_small_open_health
  m_TagString: Untagged
  m_Icon: {fileID: 0}
  m_NavMeshLayer: 0
  m_StaticEditorFlags: 0
  m_IsActive: 1
--- !u!4 &9035669139233112854
Transform:
  m_ObjectHideFlags: 0
  m_CorrespondingSourceObject: {fileID: 0}
  m_PrefabInstance: {fileID: 0}
  m_PrefabAsset: {fileID: 0}
  m_GameObject: {fileID: 9035669139233112855}
  m_LocalRotation: {x: -0, y: -0, z: -0, w: 1}
  m_LocalPosition: {x: 0, y: 0, z: 0}
  m_LocalScale: {x: 0.84757, y: 0.84757, z: 0.84757}
  m_Children:
  - {fileID: 8858470828160536142}
  - {fileID: 8360304111982796679}
  m_Father: {fileID: 0}
  m_RootOrder: 0
  m_LocalEulerAnglesHint: {x: 0, y: 0, z: 0}
--- !u!1001 &3012552978928381006
PrefabInstance:
  m_ObjectHideFlags: 0
  serializedVersion: 2
  m_Modification:
    m_TransformParent: {fileID: 9035669139233112854}
    m_Modifications:
    - target: {fileID: 4779283977672026613, guid: 79086367adc18014f89e53ed44c2e88b,
        type: 3}
      propertyPath: m_Name
      value: Spawner [HEALTH]
      objectReference: {fileID: 0}
    - target: {fileID: 6758628374533043145, guid: 79086367adc18014f89e53ed44c2e88b,
        type: 3}
      propertyPath: m_RootOrder
      value: 1
      objectReference: {fileID: 0}
    - target: {fileID: 6758628374533043145, guid: 79086367adc18014f89e53ed44c2e88b,
        type: 3}
      propertyPath: m_LocalPosition.x
      value: -0.017
      objectReference: {fileID: 0}
    - target: {fileID: 6758628374533043145, guid: 79086367adc18014f89e53ed44c2e88b,
        type: 3}
      propertyPath: m_LocalPosition.y
      value: 0.845
      objectReference: {fileID: 0}
    - target: {fileID: 6758628374533043145, guid: 79086367adc18014f89e53ed44c2e88b,
        type: 3}
      propertyPath: m_LocalPosition.z
      value: 0.238
      objectReference: {fileID: 0}
    - target: {fileID: 6758628374533043145, guid: 79086367adc18014f89e53ed44c2e88b,
        type: 3}
      propertyPath: m_LocalRotation.w
      value: 1
      objectReference: {fileID: 0}
    - target: {fileID: 6758628374533043145, guid: 79086367adc18014f89e53ed44c2e88b,
        type: 3}
      propertyPath: m_LocalRotation.x
      value: -0
      objectReference: {fileID: 0}
    - target: {fileID: 6758628374533043145, guid: 79086367adc18014f89e53ed44c2e88b,
        type: 3}
      propertyPath: m_LocalRotation.y
      value: -0
      objectReference: {fileID: 0}
    - target: {fileID: 6758628374533043145, guid: 79086367adc18014f89e53ed44c2e88b,
        type: 3}
      propertyPath: m_LocalRotation.z
      value: -0
      objectReference: {fileID: 0}
    - target: {fileID: 6758628374533043145, guid: 79086367adc18014f89e53ed44c2e88b,
        type: 3}
      propertyPath: m_LocalEulerAnglesHint.x
      value: 0
      objectReference: {fileID: 0}
    - target: {fileID: 6758628374533043145, guid: 79086367adc18014f89e53ed44c2e88b,
        type: 3}
      propertyPath: m_LocalEulerAnglesHint.y
      value: 0
      objectReference: {fileID: 0}
    - target: {fileID: 6758628374533043145, guid: 79086367adc18014f89e53ed44c2e88b,
        type: 3}
      propertyPath: m_LocalEulerAnglesHint.z
      value: 0
      objectReference: {fileID: 0}
    m_RemovedComponents: []
  m_SourcePrefab: {fileID: 100100000, guid: 79086367adc18014f89e53ed44c2e88b, type: 3}
--- !u!4 &8360304111982796679 stripped
Transform:
  m_CorrespondingSourceObject: {fileID: 6758628374533043145, guid: 79086367adc18014f89e53ed44c2e88b,
    type: 3}
  m_PrefabInstance: {fileID: 3012552978928381006}
  m_PrefabAsset: {fileID: 0}
--- !u!1001 &9035669140359489957
PrefabInstance:
  m_ObjectHideFlags: 0
  serializedVersion: 2
  m_Modification:
    m_TransformParent: {fileID: 9035669139233112854}
    m_Modifications:
    - target: {fileID: -8679921383154817045, guid: 6cda3fbe651e6fa4b8651bb23d810c0a,
        type: 3}
      propertyPath: m_RootOrder
      value: 0
      objectReference: {fileID: 0}
    - target: {fileID: -8679921383154817045, guid: 6cda3fbe651e6fa4b8651bb23d810c0a,
        type: 3}
      propertyPath: m_LocalPosition.x
      value: 0
      objectReference: {fileID: 0}
    - target: {fileID: -8679921383154817045, guid: 6cda3fbe651e6fa4b8651bb23d810c0a,
        type: 3}
      propertyPath: m_LocalPosition.y
      value: -0.11
      objectReference: {fileID: 0}
    - target: {fileID: -8679921383154817045, guid: 6cda3fbe651e6fa4b8651bb23d810c0a,
        type: 3}
      propertyPath: m_LocalPosition.z
      value: 0
      objectReference: {fileID: 0}
    - target: {fileID: -8679921383154817045, guid: 6cda3fbe651e6fa4b8651bb23d810c0a,
        type: 3}
      propertyPath: m_LocalRotation.w
      value: 1
      objectReference: {fileID: 0}
    - target: {fileID: -8679921383154817045, guid: 6cda3fbe651e6fa4b8651bb23d810c0a,
        type: 3}
      propertyPath: m_LocalRotation.x
      value: -0
      objectReference: {fileID: 0}
    - target: {fileID: -8679921383154817045, guid: 6cda3fbe651e6fa4b8651bb23d810c0a,
        type: 3}
      propertyPath: m_LocalRotation.y
      value: -0
      objectReference: {fileID: 0}
    - target: {fileID: -8679921383154817045, guid: 6cda3fbe651e6fa4b8651bb23d810c0a,
        type: 3}
      propertyPath: m_LocalRotation.z
      value: -0
      objectReference: {fileID: 0}
    - target: {fileID: -8679921383154817045, guid: 6cda3fbe651e6fa4b8651bb23d810c0a,
        type: 3}
      propertyPath: m_LocalEulerAnglesHint.x
      value: 0
      objectReference: {fileID: 0}
    - target: {fileID: -8679921383154817045, guid: 6cda3fbe651e6fa4b8651bb23d810c0a,
        type: 3}
      propertyPath: m_LocalEulerAnglesHint.y
      value: 0
      objectReference: {fileID: 0}
    - target: {fileID: -8679921383154817045, guid: 6cda3fbe651e6fa4b8651bb23d810c0a,
        type: 3}
      propertyPath: m_LocalEulerAnglesHint.z
      value: 0
      objectReference: {fileID: 0}
    - target: {fileID: 678803239069859500, guid: 6cda3fbe651e6fa4b8651bb23d810c0a,
        type: 3}
      propertyPath: m_Layer
      value: 28
      objectReference: {fileID: 0}
    - target: {fileID: 678803239069859500, guid: 6cda3fbe651e6fa4b8651bb23d810c0a,
        type: 3}
      propertyPath: m_StaticEditorFlags
      value: 4294967295
      objectReference: {fileID: 0}
    - target: {fileID: 919132149155446097, guid: 6cda3fbe651e6fa4b8651bb23d810c0a,
        type: 3}
      propertyPath: m_Name
      value: box small open
      objectReference: {fileID: 0}
    - target: {fileID: 919132149155446097, guid: 6cda3fbe651e6fa4b8651bb23d810c0a,
        type: 3}
      propertyPath: m_Layer
      value: 28
      objectReference: {fileID: 0}
    - target: {fileID: 919132149155446097, guid: 6cda3fbe651e6fa4b8651bb23d810c0a,
        type: 3}
      propertyPath: m_StaticEditorFlags
      value: 4294967295
      objectReference: {fileID: 0}
    - target: {fileID: 5455216795457957939, guid: 6cda3fbe651e6fa4b8651bb23d810c0a,
        type: 3}
      propertyPath: m_Materials.Array.data[0]
      value: 
      objectReference: {fileID: 2100000, guid: f59eb212f3ed0b546be654202b4c817c, type: 2}
    m_RemovedComponents: []
  m_SourcePrefab: {fileID: 100100000, guid: 6cda3fbe651e6fa4b8651bb23d810c0a, type: 3}
--- !u!4 &8858470828160536142 stripped
Transform:
  m_CorrespondingSourceObject: {fileID: -8679921383154817045, guid: 6cda3fbe651e6fa4b8651bb23d810c0a,
    type: 3}
  m_PrefabInstance: {fileID: 9035669140359489957}
  m_PrefabAsset: {fileID: 0}
--- !u!1 &8362818125207607049 stripped
GameObject:
  m_CorrespondingSourceObject: {fileID: 678803239069859500, guid: 6cda3fbe651e6fa4b8651bb23d810c0a,
    type: 3}
  m_PrefabInstance: {fileID: 9035669140359489957}
  m_PrefabAsset: {fileID: 0}
