%YAML 1.1
%TAG !u! tag:unity3d.com,2011:
--- !u!65 &5299712103426661359
BoxCollider:
  m_ObjectHideFlags: 0
  m_CorrespondingSourceObject: {fileID: 0}
  m_PrefabInstance: {fileID: 0}
  m_PrefabAsset: {fileID: 0}
  m_GameObject: {fileID: 723881099585161818}
  m_Material: {fileID: 0}
  m_IsTrigger: 0
  m_Enabled: 1
  serializedVersion: 2
  m_Size: {x: 2.9007494, y: 8, z: 2.9031472}
  m_Center: {x: -0.0027993848, y: 0, z: 0.051455356}
--- !u!95 &6736270848232595195
Animator:
  serializedVersion: 3
  m_ObjectHideFlags: 0
  m_CorrespondingSourceObject: {fileID: 0}
  m_PrefabInstance: {fileID: 0}
  m_PrefabAsset: {fileID: 0}
  m_GameObject: {fileID: 2093496668442662105}
  m_Enabled: 1
  m_Avatar: {fileID: 0}
  m_Controller: {fileID: 9100000, guid: 224702b63bf34af43af9ffeaece62a3f, type: 2}
  m_CullingMode: 0
  m_UpdateMode: 0
  m_ApplyRootMotion: 0
  m_LinearVelocityBlending: 0
  m_WarningMessage: 
  m_HasTransformHierarchy: 1
  m_AllowConstantClipSamplingOptimization: 1
  m_KeepAnimatorControllerStateOnDisable: 0
--- !u!1 &7175194283371917074
GameObject:
  m_ObjectHideFlags: 0
  m_CorrespondingSourceObject: {fileID: 0}
  m_PrefabInstance: {fileID: 0}
  m_PrefabAsset: {fileID: 0}
  serializedVersion: 6
  m_Component:
  - component: {fileID: 3936820469082810030}
  - component: {fileID: 5601538345449427275}
  m_Layer: 0
  m_Name: prop_cryotube
  m_TagString: Untagged
  m_Icon: {fileID: 0}
  m_NavMeshLayer: 0
  m_StaticEditorFlags: 0
  m_IsActive: 1
--- !u!4 &3936820469082810030
Transform:
  m_ObjectHideFlags: 0
  m_CorrespondingSourceObject: {fileID: 0}
  m_PrefabInstance: {fileID: 0}
  m_PrefabAsset: {fileID: 0}
  m_GameObject: {fileID: 7175194283371917074}
  m_LocalRotation: {x: -0, y: -0, z: -0, w: 1}
  m_LocalPosition: {x: 0, y: 0, z: 0}
  m_LocalScale: {x: 0.8754866, y: 1, z: 0.8754866}
  m_Children:
  - {fileID: 8157086230560589742}
  - {fileID: 1605050084784688739}
  - {fileID: 6649426439869900091}
  - {fileID: 3579811134304026966}
  - {fileID: 8532578199480526474}
  - {fileID: 72506576799681227}
  m_Father: {fileID: 0}
  m_RootOrder: 0
  m_LocalEulerAnglesHint: {x: 0, y: 0, z: 0}
--- !u!82 &5601538345449427275
AudioSource:
  m_ObjectHideFlags: 0
  m_CorrespondingSourceObject: {fileID: 0}
  m_PrefabInstance: {fileID: 0}
  m_PrefabAsset: {fileID: 0}
  m_GameObject: {fileID: 7175194283371917074}
  m_Enabled: 1
  serializedVersion: 4
  OutputAudioMixerGroup: {fileID: 24300002, guid: 536e37b79e580aa418dafd201d56217e,
    type: 2}
  m_audioClip: {fileID: 8300000, guid: 20e86c298c71d3a47b62203d51d1eacc, type: 3}
  m_PlayOnAwake: 1
  m_Volume: 0.3
  m_Pitch: 1
  Loop: 1
  Mute: 0
  Spatialize: 0
  SpatializePostEffects: 0
  Priority: 128
  DopplerLevel: 1
  MinDistance: 1
  MaxDistance: 10
  Pan2D: 0
  rolloffMode: 1
  BypassEffects: 0
  BypassListenerEffects: 0
  BypassReverbZones: 0
  rolloffCustomCurve:
    serializedVersion: 2
    m_Curve:
    - serializedVersion: 3
      time: 0
      value: 1
      inSlope: 0
      outSlope: 0
      tangentMode: 0
      weightedMode: 0
      inWeight: 0.33333334
      outWeight: 0.33333334
    - serializedVersion: 3
      time: 1
      value: 0
      inSlope: 0
      outSlope: 0
      tangentMode: 0
      weightedMode: 0
      inWeight: 0.33333334
      outWeight: 0.33333334
    m_PreInfinity: 2
    m_PostInfinity: 2
    m_RotationOrder: 4
  panLevelCustomCurve:
    serializedVersion: 2
    m_Curve:
    - serializedVersion: 3
      time: 0
      value: 1
      inSlope: 0
      outSlope: 0
      tangentMode: 0
      weightedMode: 0
      inWeight: 0.33333334
      outWeight: 0.33333334
    m_PreInfinity: 2
    m_PostInfinity: 2
    m_RotationOrder: 4
  spreadCustomCurve:
    serializedVersion: 2
    m_Curve:
    - serializedVersion: 3
      time: 0
      value: 0
      inSlope: 0
      outSlope: 0
      tangentMode: 0
      weightedMode: 0
      inWeight: 0.33333334
      outWeight: 0.33333334
    m_PreInfinity: 2
    m_PostInfinity: 2
    m_RotationOrder: 4
  reverbZoneMixCustomCurve:
    serializedVersion: 2
    m_Curve:
    - serializedVersion: 3
      time: 0
      value: 1
      inSlope: 0
      outSlope: 0
      tangentMode: 0
      weightedMode: 0
      inWeight: 0.33333334
      outWeight: 0.33333334
    m_PreInfinity: 2
    m_PostInfinity: 2
    m_RotationOrder: 4
--- !u!1001 &1282666011969989000
PrefabInstance:
  m_ObjectHideFlags: 0
  serializedVersion: 2
  m_Modification:
    m_TransformParent: {fileID: 3936820469082810030}
    m_Modifications:
    - target: {fileID: -9121731443156652656, guid: c5b80f75f4146b44486a7f70e3c1f036,
        type: 3}
      propertyPath: m_Layer
      value: 28
      objectReference: {fileID: 0}
    - target: {fileID: -9062673168367659649, guid: c5b80f75f4146b44486a7f70e3c1f036,
        type: 3}
      propertyPath: m_Layer
      value: 28
      objectReference: {fileID: 0}
    - target: {fileID: -8679921383154817045, guid: c5b80f75f4146b44486a7f70e3c1f036,
        type: 3}
      propertyPath: m_RootOrder
      value: 1
      objectReference: {fileID: 0}
    - target: {fileID: -8679921383154817045, guid: c5b80f75f4146b44486a7f70e3c1f036,
        type: 3}
      propertyPath: m_LocalPosition.x
      value: 0
      objectReference: {fileID: 0}
    - target: {fileID: -8679921383154817045, guid: c5b80f75f4146b44486a7f70e3c1f036,
        type: 3}
      propertyPath: m_LocalPosition.y
      value: -1.02
      objectReference: {fileID: 0}
    - target: {fileID: -8679921383154817045, guid: c5b80f75f4146b44486a7f70e3c1f036,
        type: 3}
      propertyPath: m_LocalPosition.z
      value: 0
      objectReference: {fileID: 0}
    - target: {fileID: -8679921383154817045, guid: c5b80f75f4146b44486a7f70e3c1f036,
        type: 3}
      propertyPath: m_LocalRotation.w
      value: 1
      objectReference: {fileID: 0}
    - target: {fileID: -8679921383154817045, guid: c5b80f75f4146b44486a7f70e3c1f036,
        type: 3}
      propertyPath: m_LocalRotation.x
      value: 0
      objectReference: {fileID: 0}
    - target: {fileID: -8679921383154817045, guid: c5b80f75f4146b44486a7f70e3c1f036,
        type: 3}
      propertyPath: m_LocalRotation.y
      value: 0
      objectReference: {fileID: 0}
    - target: {fileID: -8679921383154817045, guid: c5b80f75f4146b44486a7f70e3c1f036,
        type: 3}
      propertyPath: m_LocalRotation.z
      value: 0
      objectReference: {fileID: 0}
    - target: {fileID: -8679921383154817045, guid: c5b80f75f4146b44486a7f70e3c1f036,
        type: 3}
      propertyPath: m_LocalEulerAnglesHint.x
      value: 0
      objectReference: {fileID: 0}
    - target: {fileID: -8679921383154817045, guid: c5b80f75f4146b44486a7f70e3c1f036,
        type: 3}
      propertyPath: m_LocalEulerAnglesHint.y
      value: 0
      objectReference: {fileID: 0}
    - target: {fileID: -8679921383154817045, guid: c5b80f75f4146b44486a7f70e3c1f036,
        type: 3}
      propertyPath: m_LocalEulerAnglesHint.z
      value: 0
      objectReference: {fileID: 0}
    - target: {fileID: -8583744733729769788, guid: c5b80f75f4146b44486a7f70e3c1f036,
        type: 3}
      propertyPath: m_Layer
      value: 28
      objectReference: {fileID: 0}
    - target: {fileID: -8528105556677521956, guid: c5b80f75f4146b44486a7f70e3c1f036,
        type: 3}
      propertyPath: m_Layer
      value: 28
      objectReference: {fileID: 0}
    - target: {fileID: -7520680191180433532, guid: c5b80f75f4146b44486a7f70e3c1f036,
        type: 3}
      propertyPath: m_Layer
      value: 28
      objectReference: {fileID: 0}
    - target: {fileID: -7440559123881645804, guid: c5b80f75f4146b44486a7f70e3c1f036,
        type: 3}
      propertyPath: m_Layer
      value: 28
      objectReference: {fileID: 0}
    - target: {fileID: -5220612289811317322, guid: c5b80f75f4146b44486a7f70e3c1f036,
        type: 3}
      propertyPath: m_Layer
      value: 28
      objectReference: {fileID: 0}
    - target: {fileID: -4865047206057184455, guid: c5b80f75f4146b44486a7f70e3c1f036,
        type: 3}
      propertyPath: m_Layer
      value: 28
      objectReference: {fileID: 0}
    - target: {fileID: -4832669890077226808, guid: c5b80f75f4146b44486a7f70e3c1f036,
        type: 3}
      propertyPath: m_Layer
      value: 28
      objectReference: {fileID: 0}
    - target: {fileID: -4729078179391804481, guid: c5b80f75f4146b44486a7f70e3c1f036,
        type: 3}
      propertyPath: m_Layer
      value: 28
      objectReference: {fileID: 0}
    - target: {fileID: -4700157465303947641, guid: c5b80f75f4146b44486a7f70e3c1f036,
        type: 3}
      propertyPath: m_Layer
      value: 28
      objectReference: {fileID: 0}
    - target: {fileID: -4487472116802717543, guid: c5b80f75f4146b44486a7f70e3c1f036,
        type: 3}
      propertyPath: m_Layer
      value: 28
      objectReference: {fileID: 0}
    - target: {fileID: -3761214921068699615, guid: c5b80f75f4146b44486a7f70e3c1f036,
        type: 3}
      propertyPath: m_Layer
      value: 28
      objectReference: {fileID: 0}
    - target: {fileID: -3552208072555801467, guid: c5b80f75f4146b44486a7f70e3c1f036,
        type: 3}
      propertyPath: m_Layer
      value: 28
      objectReference: {fileID: 0}
    - target: {fileID: -3339764379750127916, guid: c5b80f75f4146b44486a7f70e3c1f036,
        type: 3}
      propertyPath: m_Layer
      value: 28
      objectReference: {fileID: 0}
    - target: {fileID: -3007082340627457836, guid: c5b80f75f4146b44486a7f70e3c1f036,
        type: 3}
      propertyPath: m_Layer
      value: 28
      objectReference: {fileID: 0}
    - target: {fileID: -2986284921911714434, guid: c5b80f75f4146b44486a7f70e3c1f036,
        type: 3}
      propertyPath: m_Layer
      value: 28
      objectReference: {fileID: 0}
    - target: {fileID: -2888934303933736255, guid: c5b80f75f4146b44486a7f70e3c1f036,
        type: 3}
      propertyPath: m_Layer
      value: 28
      objectReference: {fileID: 0}
    - target: {fileID: -2876034451652423290, guid: c5b80f75f4146b44486a7f70e3c1f036,
        type: 3}
      propertyPath: m_Layer
      value: 28
      objectReference: {fileID: 0}
    - target: {fileID: -2294533142142179930, guid: c5b80f75f4146b44486a7f70e3c1f036,
        type: 3}
      propertyPath: m_Layer
      value: 28
      objectReference: {fileID: 0}
    - target: {fileID: -2147361552475924234, guid: c5b80f75f4146b44486a7f70e3c1f036,
        type: 3}
      propertyPath: m_Layer
      value: 28
      objectReference: {fileID: 0}
    - target: {fileID: -1418692047758093915, guid: c5b80f75f4146b44486a7f70e3c1f036,
        type: 3}
      propertyPath: m_Layer
      value: 28
      objectReference: {fileID: 0}
    - target: {fileID: -1250741898045567161, guid: c5b80f75f4146b44486a7f70e3c1f036,
        type: 3}
      propertyPath: m_Layer
      value: 28
      objectReference: {fileID: 0}
    - target: {fileID: -1161626218276298935, guid: c5b80f75f4146b44486a7f70e3c1f036,
        type: 3}
      propertyPath: m_Layer
      value: 28
      objectReference: {fileID: 0}
    - target: {fileID: -1053492889545227844, guid: c5b80f75f4146b44486a7f70e3c1f036,
        type: 3}
      propertyPath: m_Layer
      value: 28
      objectReference: {fileID: 0}
    - target: {fileID: -994695850261814523, guid: c5b80f75f4146b44486a7f70e3c1f036,
        type: 3}
      propertyPath: m_Layer
      value: 28
      objectReference: {fileID: 0}
    - target: {fileID: -877098839650041888, guid: c5b80f75f4146b44486a7f70e3c1f036,
        type: 3}
      propertyPath: m_Layer
      value: 28
      objectReference: {fileID: 0}
    - target: {fileID: -151729908006045432, guid: c5b80f75f4146b44486a7f70e3c1f036,
        type: 3}
      propertyPath: m_Layer
      value: 28
      objectReference: {fileID: 0}
    - target: {fileID: -126668202187128065, guid: c5b80f75f4146b44486a7f70e3c1f036,
        type: 3}
      propertyPath: m_Layer
      value: 28
      objectReference: {fileID: 0}
    - target: {fileID: 310167686165461740, guid: c5b80f75f4146b44486a7f70e3c1f036,
        type: 3}
      propertyPath: m_Layer
      value: 28
      objectReference: {fileID: 0}
    - target: {fileID: 646121218529603697, guid: c5b80f75f4146b44486a7f70e3c1f036,
        type: 3}
      propertyPath: m_Layer
      value: 28
      objectReference: {fileID: 0}
    - target: {fileID: 684947514008319921, guid: c5b80f75f4146b44486a7f70e3c1f036,
        type: 3}
      propertyPath: m_Layer
      value: 28
      objectReference: {fileID: 0}
    - target: {fileID: 919132149155446097, guid: c5b80f75f4146b44486a7f70e3c1f036,
        type: 3}
      propertyPath: m_Name
      value: char_boss_idle_cryotube
      objectReference: {fileID: 0}
    - target: {fileID: 919132149155446097, guid: c5b80f75f4146b44486a7f70e3c1f036,
        type: 3}
      propertyPath: m_Layer
      value: 0
      objectReference: {fileID: 0}
    - target: {fileID: 945157632379166434, guid: c5b80f75f4146b44486a7f70e3c1f036,
        type: 3}
      propertyPath: m_Layer
      value: 28
      objectReference: {fileID: 0}
    - target: {fileID: 1158228503334730627, guid: c5b80f75f4146b44486a7f70e3c1f036,
        type: 3}
      propertyPath: m_Layer
      value: 28
      objectReference: {fileID: 0}
    - target: {fileID: 1586396811807005082, guid: c5b80f75f4146b44486a7f70e3c1f036,
        type: 3}
      propertyPath: m_Layer
      value: 28
      objectReference: {fileID: 0}
    - target: {fileID: 1646105967634072415, guid: c5b80f75f4146b44486a7f70e3c1f036,
        type: 3}
      propertyPath: m_Layer
      value: 28
      objectReference: {fileID: 0}
    - target: {fileID: 1684846196963919581, guid: c5b80f75f4146b44486a7f70e3c1f036,
        type: 3}
      propertyPath: m_Layer
      value: 28
      objectReference: {fileID: 0}
    - target: {fileID: 2117950774146113732, guid: c5b80f75f4146b44486a7f70e3c1f036,
        type: 3}
      propertyPath: m_Layer
      value: 28
      objectReference: {fileID: 0}
    - target: {fileID: 2375491024050685623, guid: c5b80f75f4146b44486a7f70e3c1f036,
        type: 3}
      propertyPath: m_Layer
      value: 28
      objectReference: {fileID: 0}
    - target: {fileID: 2564593062379495183, guid: c5b80f75f4146b44486a7f70e3c1f036,
        type: 3}
      propertyPath: m_Layer
      value: 28
      objectReference: {fileID: 0}
    - target: {fileID: 3060588251638852597, guid: c5b80f75f4146b44486a7f70e3c1f036,
        type: 3}
      propertyPath: m_Layer
      value: 28
      objectReference: {fileID: 0}
    - target: {fileID: 3145032627998305653, guid: c5b80f75f4146b44486a7f70e3c1f036,
        type: 3}
      propertyPath: m_Layer
      value: 28
      objectReference: {fileID: 0}
    - target: {fileID: 3416163483369435382, guid: c5b80f75f4146b44486a7f70e3c1f036,
        type: 3}
      propertyPath: m_Layer
      value: 28
      objectReference: {fileID: 0}
    - target: {fileID: 3514657230351217360, guid: c5b80f75f4146b44486a7f70e3c1f036,
        type: 3}
      propertyPath: m_Layer
      value: 28
      objectReference: {fileID: 0}
    - target: {fileID: 3692579609453646101, guid: c5b80f75f4146b44486a7f70e3c1f036,
        type: 3}
      propertyPath: m_Layer
      value: 28
      objectReference: {fileID: 0}
    - target: {fileID: 3981347402082518485, guid: c5b80f75f4146b44486a7f70e3c1f036,
        type: 3}
      propertyPath: m_Layer
      value: 28
      objectReference: {fileID: 0}
    - target: {fileID: 4138894224888211306, guid: c5b80f75f4146b44486a7f70e3c1f036,
        type: 3}
      propertyPath: m_Layer
      value: 28
      objectReference: {fileID: 0}
    - target: {fileID: 4252025806763296203, guid: c5b80f75f4146b44486a7f70e3c1f036,
        type: 3}
      propertyPath: m_Layer
      value: 28
      objectReference: {fileID: 0}
    - target: {fileID: 4438995446455240032, guid: c5b80f75f4146b44486a7f70e3c1f036,
        type: 3}
      propertyPath: m_Layer
      value: 28
      objectReference: {fileID: 0}
    - target: {fileID: 4524369251251026925, guid: c5b80f75f4146b44486a7f70e3c1f036,
        type: 3}
      propertyPath: m_Layer
      value: 28
      objectReference: {fileID: 0}
    - target: {fileID: 4698280039898249412, guid: c5b80f75f4146b44486a7f70e3c1f036,
        type: 3}
      propertyPath: m_Layer
      value: 28
      objectReference: {fileID: 0}
    - target: {fileID: 4937460535475650431, guid: c5b80f75f4146b44486a7f70e3c1f036,
        type: 3}
      propertyPath: m_Layer
      value: 28
      objectReference: {fileID: 0}
    - target: {fileID: 6769765640699953276, guid: c5b80f75f4146b44486a7f70e3c1f036,
        type: 3}
      propertyPath: m_Layer
      value: 28
      objectReference: {fileID: 0}
    - target: {fileID: 7042161054135777405, guid: c5b80f75f4146b44486a7f70e3c1f036,
        type: 3}
      propertyPath: m_Layer
      value: 28
      objectReference: {fileID: 0}
    - target: {fileID: 7078637419026943534, guid: c5b80f75f4146b44486a7f70e3c1f036,
        type: 3}
      propertyPath: m_Layer
      value: 28
      objectReference: {fileID: 0}
    - target: {fileID: 7693742699690361433, guid: c5b80f75f4146b44486a7f70e3c1f036,
        type: 3}
      propertyPath: m_Layer
      value: 28
      objectReference: {fileID: 0}
    - target: {fileID: 7736877670770310482, guid: c5b80f75f4146b44486a7f70e3c1f036,
        type: 3}
      propertyPath: m_Layer
      value: 28
      objectReference: {fileID: 0}
    - target: {fileID: 7754802717929996326, guid: c5b80f75f4146b44486a7f70e3c1f036,
        type: 3}
      propertyPath: m_Layer
      value: 28
      objectReference: {fileID: 0}
    - target: {fileID: 7785053495777130898, guid: c5b80f75f4146b44486a7f70e3c1f036,
        type: 3}
      propertyPath: m_Layer
      value: 28
      objectReference: {fileID: 0}
    m_RemovedComponents: []
  m_SourcePrefab: {fileID: 100100000, guid: c5b80f75f4146b44486a7f70e3c1f036, type: 3}
--- !u!1 &2093496668442662105 stripped
GameObject:
  m_CorrespondingSourceObject: {fileID: 919132149155446097, guid: c5b80f75f4146b44486a7f70e3c1f036,
    type: 3}
  m_PrefabInstance: {fileID: 1282666011969989000}
  m_PrefabAsset: {fileID: 0}
--- !u!4 &1605050084784688739 stripped
Transform:
  m_CorrespondingSourceObject: {fileID: -8679921383154817045, guid: c5b80f75f4146b44486a7f70e3c1f036,
    type: 3}
  m_PrefabInstance: {fileID: 1282666011969989000}
  m_PrefabAsset: {fileID: 0}
--- !u!1001 &2401960444741686368
PrefabInstance:
  m_ObjectHideFlags: 0
  serializedVersion: 2
  m_Modification:
    m_TransformParent: {fileID: 3936820469082810030}
    m_Modifications:
    - target: {fileID: 2329735485146727991, guid: 3e36012c55d7c894395fcf5f1b4cc57a,
        type: 3}
      propertyPath: m_Layer
      value: 5
      objectReference: {fileID: 0}
    - target: {fileID: 2329735485256654507, guid: 3e36012c55d7c894395fcf5f1b4cc57a,
        type: 3}
      propertyPath: m_Pivot.x
      value: 0
      objectReference: {fileID: 0}
    - target: {fileID: 2329735485256654507, guid: 3e36012c55d7c894395fcf5f1b4cc57a,
        type: 3}
      propertyPath: m_Pivot.y
      value: 0
      objectReference: {fileID: 0}
    - target: {fileID: 2329735485256654507, guid: 3e36012c55d7c894395fcf5f1b4cc57a,
        type: 3}
      propertyPath: m_RootOrder
      value: 5
      objectReference: {fileID: 0}
    - target: {fileID: 2329735485256654507, guid: 3e36012c55d7c894395fcf5f1b4cc57a,
        type: 3}
      propertyPath: m_AnchorMax.x
      value: 0
      objectReference: {fileID: 0}
    - target: {fileID: 2329735485256654507, guid: 3e36012c55d7c894395fcf5f1b4cc57a,
        type: 3}
      propertyPath: m_AnchorMax.y
      value: 0
      objectReference: {fileID: 0}
    - target: {fileID: 2329735485256654507, guid: 3e36012c55d7c894395fcf5f1b4cc57a,
        type: 3}
      propertyPath: m_AnchorMin.x
      value: 0
      objectReference: {fileID: 0}
    - target: {fileID: 2329735485256654507, guid: 3e36012c55d7c894395fcf5f1b4cc57a,
        type: 3}
      propertyPath: m_AnchorMin.y
      value: 0
      objectReference: {fileID: 0}
    - target: {fileID: 2329735485256654507, guid: 3e36012c55d7c894395fcf5f1b4cc57a,
        type: 3}
      propertyPath: m_SizeDelta.x
      value: 0
      objectReference: {fileID: 0}
    - target: {fileID: 2329735485256654507, guid: 3e36012c55d7c894395fcf5f1b4cc57a,
        type: 3}
      propertyPath: m_SizeDelta.y
      value: 0
      objectReference: {fileID: 0}
    - target: {fileID: 2329735485256654507, guid: 3e36012c55d7c894395fcf5f1b4cc57a,
        type: 3}
      propertyPath: m_LocalPosition.x
      value: 0
      objectReference: {fileID: 0}
    - target: {fileID: 2329735485256654507, guid: 3e36012c55d7c894395fcf5f1b4cc57a,
        type: 3}
      propertyPath: m_LocalPosition.y
      value: 0
      objectReference: {fileID: 0}
    - target: {fileID: 2329735485256654507, guid: 3e36012c55d7c894395fcf5f1b4cc57a,
        type: 3}
      propertyPath: m_LocalPosition.z
      value: 0
      objectReference: {fileID: 0}
    - target: {fileID: 2329735485256654507, guid: 3e36012c55d7c894395fcf5f1b4cc57a,
        type: 3}
      propertyPath: m_LocalRotation.w
      value: 1
      objectReference: {fileID: 0}
    - target: {fileID: 2329735485256654507, guid: 3e36012c55d7c894395fcf5f1b4cc57a,
        type: 3}
      propertyPath: m_LocalRotation.x
      value: 0
      objectReference: {fileID: 0}
    - target: {fileID: 2329735485256654507, guid: 3e36012c55d7c894395fcf5f1b4cc57a,
        type: 3}
      propertyPath: m_LocalRotation.y
      value: 0
      objectReference: {fileID: 0}
    - target: {fileID: 2329735485256654507, guid: 3e36012c55d7c894395fcf5f1b4cc57a,
        type: 3}
      propertyPath: m_LocalRotation.z
      value: 0
      objectReference: {fileID: 0}
    - target: {fileID: 2329735485256654507, guid: 3e36012c55d7c894395fcf5f1b4cc57a,
        type: 3}
      propertyPath: m_AnchoredPosition.x
      value: 0
      objectReference: {fileID: 0}
    - target: {fileID: 2329735485256654507, guid: 3e36012c55d7c894395fcf5f1b4cc57a,
        type: 3}
      propertyPath: m_AnchoredPosition.y
      value: 0
      objectReference: {fileID: 0}
    - target: {fileID: 2329735485256654507, guid: 3e36012c55d7c894395fcf5f1b4cc57a,
        type: 3}
      propertyPath: m_LocalEulerAnglesHint.x
      value: 0
      objectReference: {fileID: 0}
    - target: {fileID: 2329735485256654507, guid: 3e36012c55d7c894395fcf5f1b4cc57a,
        type: 3}
      propertyPath: m_LocalEulerAnglesHint.y
      value: 0
      objectReference: {fileID: 0}
    - target: {fileID: 2329735485256654507, guid: 3e36012c55d7c894395fcf5f1b4cc57a,
        type: 3}
      propertyPath: m_LocalEulerAnglesHint.z
      value: 0
      objectReference: {fileID: 0}
    - target: {fileID: 2329735485256654511, guid: 3e36012c55d7c894395fcf5f1b4cc57a,
        type: 3}
      propertyPath: m_Name
      value: CanvasInstruction
      objectReference: {fileID: 0}
    - target: {fileID: 2329735485256654511, guid: 3e36012c55d7c894395fcf5f1b4cc57a,
        type: 3}
      propertyPath: m_Layer
      value: 5
      objectReference: {fileID: 0}
    - target: {fileID: 2329735485898205103, guid: 3e36012c55d7c894395fcf5f1b4cc57a,
        type: 3}
      propertyPath: m_Layer
      value: 5
      objectReference: {fileID: 0}
    m_RemovedComponents: []
  m_SourcePrefab: {fileID: 100100000, guid: 3e36012c55d7c894395fcf5f1b4cc57a, type: 3}
--- !u!1 &72506576799681231 stripped
GameObject:
  m_CorrespondingSourceObject: {fileID: 2329735485256654511, guid: 3e36012c55d7c894395fcf5f1b4cc57a,
    type: 3}
  m_PrefabInstance: {fileID: 2401960444741686368}
  m_PrefabAsset: {fileID: 0}
--- !u!224 &72506576799681227 stripped
RectTransform:
  m_CorrespondingSourceObject: {fileID: 2329735485256654507, guid: 3e36012c55d7c894395fcf5f1b4cc57a,
    type: 3}
  m_PrefabInstance: {fileID: 2401960444741686368}
  m_PrefabAsset: {fileID: 0}
--- !u!1001 &6650048501756166241
PrefabInstance:
  m_ObjectHideFlags: 0
  serializedVersion: 2
  m_Modification:
    m_TransformParent: {fileID: 3936820469082810030}
    m_Modifications:
    - target: {fileID: 1000012637130660, guid: 0d1adb20421ed664b800c8cf3d103e70, type: 3}
      propertyPath: m_Layer
      value: 0
      objectReference: {fileID: 0}
    - target: {fileID: 1000012696881832, guid: 0d1adb20421ed664b800c8cf3d103e70, type: 3}
      propertyPath: m_Name
      value: Particle jiggly bubble soapy
      objectReference: {fileID: 0}
    - target: {fileID: 1000012696881832, guid: 0d1adb20421ed664b800c8cf3d103e70, type: 3}
      propertyPath: m_Layer
      value: 0
      objectReference: {fileID: 0}
    - target: {fileID: 4000010731693402, guid: 0d1adb20421ed664b800c8cf3d103e70, type: 3}
      propertyPath: m_RootOrder
      value: 2
      objectReference: {fileID: 0}
    - target: {fileID: 4000010731693402, guid: 0d1adb20421ed664b800c8cf3d103e70, type: 3}
      propertyPath: m_LocalPosition.x
      value: 0
      objectReference: {fileID: 0}
    - target: {fileID: 4000010731693402, guid: 0d1adb20421ed664b800c8cf3d103e70, type: 3}
      propertyPath: m_LocalPosition.y
      value: -1.15
      objectReference: {fileID: 0}
    - target: {fileID: 4000010731693402, guid: 0d1adb20421ed664b800c8cf3d103e70, type: 3}
      propertyPath: m_LocalPosition.z
      value: 0
      objectReference: {fileID: 0}
    - target: {fileID: 4000010731693402, guid: 0d1adb20421ed664b800c8cf3d103e70, type: 3}
      propertyPath: m_LocalRotation.w
      value: 0.70710784
      objectReference: {fileID: 0}
    - target: {fileID: 4000010731693402, guid: 0d1adb20421ed664b800c8cf3d103e70, type: 3}
      propertyPath: m_LocalRotation.x
      value: -0.70710576
      objectReference: {fileID: 0}
    - target: {fileID: 4000010731693402, guid: 0d1adb20421ed664b800c8cf3d103e70, type: 3}
      propertyPath: m_LocalRotation.y
      value: -0
      objectReference: {fileID: 0}
    - target: {fileID: 4000010731693402, guid: 0d1adb20421ed664b800c8cf3d103e70, type: 3}
      propertyPath: m_LocalRotation.z
      value: -0
      objectReference: {fileID: 0}
    - target: {fileID: 4000010731693402, guid: 0d1adb20421ed664b800c8cf3d103e70, type: 3}
      propertyPath: m_LocalEulerAnglesHint.x
      value: -90.00001
      objectReference: {fileID: 0}
    - target: {fileID: 4000010731693402, guid: 0d1adb20421ed664b800c8cf3d103e70, type: 3}
      propertyPath: m_LocalEulerAnglesHint.y
      value: 0
      objectReference: {fileID: 0}
    - target: {fileID: 4000010731693402, guid: 0d1adb20421ed664b800c8cf3d103e70, type: 3}
      propertyPath: m_LocalEulerAnglesHint.z
      value: 0
      objectReference: {fileID: 0}
    - target: {fileID: 198000010118446818, guid: 0d1adb20421ed664b800c8cf3d103e70,
        type: 3}
      propertyPath: SubModule.enabled
      value: 0
      objectReference: {fileID: 0}
    - target: {fileID: 198000010118446818, guid: 0d1adb20421ed664b800c8cf3d103e70,
        type: 3}
      propertyPath: ForceModule.enabled
      value: 0
      objectReference: {fileID: 0}
    - target: {fileID: 198000010118446818, guid: 0d1adb20421ed664b800c8cf3d103e70,
        type: 3}
      propertyPath: ShapeModule.m_Scale.x
      value: 1
      objectReference: {fileID: 0}
    - target: {fileID: 198000010118446818, guid: 0d1adb20421ed664b800c8cf3d103e70,
        type: 3}
      propertyPath: ShapeModule.m_Scale.y
      value: 1
      objectReference: {fileID: 0}
    - target: {fileID: 198000010118446818, guid: 0d1adb20421ed664b800c8cf3d103e70,
        type: 3}
      propertyPath: RotationModule.enabled
      value: 0
      objectReference: {fileID: 0}
    - target: {fileID: 198000010118446818, guid: 0d1adb20421ed664b800c8cf3d103e70,
        type: 3}
      propertyPath: CollisionModule.enabled
      value: 0
      objectReference: {fileID: 0}
    - target: {fileID: 198000010118446818, guid: 0d1adb20421ed664b800c8cf3d103e70,
        type: 3}
      propertyPath: RotationModule.x.minMaxState
      value: 3
      objectReference: {fileID: 0}
    - target: {fileID: 198000010118446818, guid: 0d1adb20421ed664b800c8cf3d103e70,
        type: 3}
      propertyPath: RotationModule.y.minMaxState
      value: 3
      objectReference: {fileID: 0}
    - target: {fileID: 198000010118446818, guid: 0d1adb20421ed664b800c8cf3d103e70,
        type: 3}
      propertyPath: InitialModule.startSize.scalar
      value: 0.5
      objectReference: {fileID: 0}
    - target: {fileID: 198000010118446818, guid: 0d1adb20421ed664b800c8cf3d103e70,
        type: 3}
      propertyPath: InitialModule.startSpeed.scalar
      value: 1
      objectReference: {fileID: 0}
    - target: {fileID: 198000010118446818, guid: 0d1adb20421ed664b800c8cf3d103e70,
        type: 3}
      propertyPath: InitialModule.startSize.minScalar
      value: 0.2
      objectReference: {fileID: 0}
    - target: {fileID: 198000010118446818, guid: 0d1adb20421ed664b800c8cf3d103e70,
        type: 3}
      propertyPath: InitialModule.startSpeed.minScalar
      value: 0.5
      objectReference: {fileID: 0}
    - target: {fileID: 198000010118446818, guid: 0d1adb20421ed664b800c8cf3d103e70,
        type: 3}
      propertyPath: InitialModule.startColor.maxColor.b
      value: 0
      objectReference: {fileID: 0}
    - target: {fileID: 198000010118446818, guid: 0d1adb20421ed664b800c8cf3d103e70,
        type: 3}
      propertyPath: InitialModule.startColor.maxColor.g
      value: 1
      objectReference: {fileID: 0}
    - target: {fileID: 198000010118446818, guid: 0d1adb20421ed664b800c8cf3d103e70,
        type: 3}
      propertyPath: InitialModule.startColor.maxColor.r
      value: 0.18546152
      objectReference: {fileID: 0}
    m_RemovedComponents: []
  m_SourcePrefab: {fileID: 100100000, guid: 0d1adb20421ed664b800c8cf3d103e70, type: 3}
--- !u!4 &6649426439869900091 stripped
Transform:
  m_CorrespondingSourceObject: {fileID: 4000010731693402, guid: 0d1adb20421ed664b800c8cf3d103e70,
    type: 3}
  m_PrefabInstance: {fileID: 6650048501756166241}
  m_PrefabAsset: {fileID: 0}
--- !u!1001 &7583210663041033048
PrefabInstance:
  m_ObjectHideFlags: 0
  serializedVersion: 2
  m_Modification:
    m_TransformParent: {fileID: 3936820469082810030}
    m_Modifications:
    - target: {fileID: 2257771543021258193, guid: 1c58d9bc6d480ff4fb7fc8fa02f2eced,
        type: 3}
      propertyPath: m_Name
      value: DialogueHolder
      objectReference: {fileID: 0}
    - target: {fileID: 2257771543021258193, guid: 1c58d9bc6d480ff4fb7fc8fa02f2eced,
        type: 3}
      propertyPath: m_Layer
      value: 0
      objectReference: {fileID: 0}
    - target: {fileID: 2257771543021258194, guid: 1c58d9bc6d480ff4fb7fc8fa02f2eced,
        type: 3}
      propertyPath: m_RootOrder
      value: 4
      objectReference: {fileID: 0}
    - target: {fileID: 2257771543021258194, guid: 1c58d9bc6d480ff4fb7fc8fa02f2eced,
        type: 3}
      propertyPath: m_LocalPosition.x
      value: 0
      objectReference: {fileID: 0}
    - target: {fileID: 2257771543021258194, guid: 1c58d9bc6d480ff4fb7fc8fa02f2eced,
        type: 3}
      propertyPath: m_LocalPosition.y
      value: 0
      objectReference: {fileID: 0}
    - target: {fileID: 2257771543021258194, guid: 1c58d9bc6d480ff4fb7fc8fa02f2eced,
        type: 3}
      propertyPath: m_LocalPosition.z
      value: 0
      objectReference: {fileID: 0}
    - target: {fileID: 2257771543021258194, guid: 1c58d9bc6d480ff4fb7fc8fa02f2eced,
        type: 3}
      propertyPath: m_LocalRotation.w
      value: 1
      objectReference: {fileID: 0}
    - target: {fileID: 2257771543021258194, guid: 1c58d9bc6d480ff4fb7fc8fa02f2eced,
        type: 3}
      propertyPath: m_LocalRotation.x
      value: 0
      objectReference: {fileID: 0}
    - target: {fileID: 2257771543021258194, guid: 1c58d9bc6d480ff4fb7fc8fa02f2eced,
        type: 3}
      propertyPath: m_LocalRotation.y
      value: 0
      objectReference: {fileID: 0}
    - target: {fileID: 2257771543021258194, guid: 1c58d9bc6d480ff4fb7fc8fa02f2eced,
        type: 3}
      propertyPath: m_LocalRotation.z
      value: 0
      objectReference: {fileID: 0}
    - target: {fileID: 2257771543021258194, guid: 1c58d9bc6d480ff4fb7fc8fa02f2eced,
        type: 3}
      propertyPath: m_LocalEulerAnglesHint.x
      value: 0
      objectReference: {fileID: 0}
    - target: {fileID: 2257771543021258194, guid: 1c58d9bc6d480ff4fb7fc8fa02f2eced,
        type: 3}
      propertyPath: m_LocalEulerAnglesHint.y
      value: 0
      objectReference: {fileID: 0}
    - target: {fileID: 2257771543021258194, guid: 1c58d9bc6d480ff4fb7fc8fa02f2eced,
        type: 3}
      propertyPath: m_LocalEulerAnglesHint.z
      value: 0
      objectReference: {fileID: 0}
    - target: {fileID: 2257771543266152534, guid: 1c58d9bc6d480ff4fb7fc8fa02f2eced,
        type: 3}
      propertyPath: m_Layer
      value: 5
      objectReference: {fileID: 0}
    - target: {fileID: 2257771543540675414, guid: 1c58d9bc6d480ff4fb7fc8fa02f2eced,
        type: 3}
      propertyPath: m_Layer
      value: 5
      objectReference: {fileID: 0}
    - target: {fileID: 2257771543563994257, guid: 1c58d9bc6d480ff4fb7fc8fa02f2eced,
        type: 3}
      propertyPath: m_Layer
      value: 5
      objectReference: {fileID: 0}
    - target: {fileID: 2257771544116163710, guid: 1c58d9bc6d480ff4fb7fc8fa02f2eced,
        type: 3}
      propertyPath: m_LocalPosition.z
      value: 0
      objectReference: {fileID: 0}
    - target: {fileID: 2257771544116163711, guid: 1c58d9bc6d480ff4fb7fc8fa02f2eced,
        type: 3}
      propertyPath: m_Layer
      value: 5
      objectReference: {fileID: 0}
    - target: {fileID: 2257771544206264672, guid: 1c58d9bc6d480ff4fb7fc8fa02f2eced,
        type: 3}
      propertyPath: m_Layer
      value: 5
      objectReference: {fileID: 0}
    - target: {fileID: 2257771544363136634, guid: 1c58d9bc6d480ff4fb7fc8fa02f2eced,
        type: 3}
      propertyPath: m_Layer
      value: 5
      objectReference: {fileID: 0}
    - target: {fileID: 2257771544621212000, guid: 1c58d9bc6d480ff4fb7fc8fa02f2eced,
        type: 3}
      propertyPath: m_Layer
      value: 5
      objectReference: {fileID: 0}
    m_RemovedComponents: []
  m_SourcePrefab: {fileID: 100100000, guid: 1c58d9bc6d480ff4fb7fc8fa02f2eced, type: 3}
--- !u!4 &8532578199480526474 stripped
Transform:
  m_CorrespondingSourceObject: {fileID: 2257771543021258194, guid: 1c58d9bc6d480ff4fb7fc8fa02f2eced,
    type: 3}
  m_PrefabInstance: {fileID: 7583210663041033048}
  m_PrefabAsset: {fileID: 0}
--- !u!114 &8532578199480526475 stripped
MonoBehaviour:
  m_CorrespondingSourceObject: {fileID: 2257771543021258195, guid: 1c58d9bc6d480ff4fb7fc8fa02f2eced,
    type: 3}
  m_PrefabInstance: {fileID: 7583210663041033048}
  m_PrefabAsset: {fileID: 0}
  m_GameObject: {fileID: 0}
  m_Enabled: 1
  m_EditorHideFlags: 0
  m_Script: {fileID: 11500000, guid: 565fd263440bd45fa9ba0925c60f54f9, type: 3}
  m_Name: 
  m_EditorClassIdentifier: 
--- !u!1001 &8024764990630529463
PrefabInstance:
  m_ObjectHideFlags: 0
  serializedVersion: 2
  m_Modification:
    m_TransformParent: {fileID: 3936820469082810030}
    m_Modifications:
    - target: {fileID: 2526157408303857569, guid: 539c67fe423edde4bb5dff4fcde12253,
        type: 3}
      propertyPath: txtToParse
      value: 
      objectReference: {fileID: 4900000, guid: d9fdb99b29fbfd846844b610888dd961, type: 3}
    - target: {fileID: 2526157408303857569, guid: 539c67fe423edde4bb5dff4fcde12253,
        type: 3}
      propertyPath: lineToBreak
      value: 22
      objectReference: {fileID: 0}
    - target: {fileID: 2526157408303857569, guid: 539c67fe423edde4bb5dff4fcde12253,
        type: 3}
      propertyPath: lineToStart
      value: 22
      objectReference: {fileID: 0}
    - target: {fileID: 2526157408303857569, guid: 539c67fe423edde4bb5dff4fcde12253,
        type: 3}
      propertyPath: rpgtalkTarget
      value: 
      objectReference: {fileID: 8532578199480526475}
    - target: {fileID: 2526157408303857569, guid: 539c67fe423edde4bb5dff4fcde12253,
        type: 3}
      propertyPath: showWhenInteractionIsPossible.Array.data[0]
      value: 
      objectReference: {fileID: 72506576799681231}
    - target: {fileID: 2570432909484772170, guid: 539c67fe423edde4bb5dff4fcde12253,
        type: 3}
      propertyPath: m_Layer
      value: 2
      objectReference: {fileID: 0}
    - target: {fileID: 3546897107960130560, guid: 539c67fe423edde4bb5dff4fcde12253,
        type: 3}
      propertyPath: m_Name
      value: Inspect
      objectReference: {fileID: 0}
    - target: {fileID: 3546897107960130560, guid: 539c67fe423edde4bb5dff4fcde12253,
        type: 3}
      propertyPath: m_Layer
      value: 0
      objectReference: {fileID: 0}
    - target: {fileID: 5400400303731364019, guid: 539c67fe423edde4bb5dff4fcde12253,
        type: 3}
      propertyPath: m_Size.x
      value: 3.7219675
      objectReference: {fileID: 0}
    - target: {fileID: 5400400303731364019, guid: 539c67fe423edde4bb5dff4fcde12253,
        type: 3}
      propertyPath: m_Size.y
      value: 2.7637253
      objectReference: {fileID: 0}
    - target: {fileID: 5400400303731364019, guid: 539c67fe423edde4bb5dff4fcde12253,
        type: 3}
      propertyPath: m_Size.z
      value: 3.8155847
      objectReference: {fileID: 0}
    - target: {fileID: 5400400303731364019, guid: 539c67fe423edde4bb5dff4fcde12253,
        type: 3}
      propertyPath: m_Center.x
      value: 0.023030007
      objectReference: {fileID: 0}
    - target: {fileID: 5400400303731364019, guid: 539c67fe423edde4bb5dff4fcde12253,
        type: 3}
      propertyPath: m_Center.y
      value: -1.9558802
      objectReference: {fileID: 0}
    - target: {fileID: 5400400303731364019, guid: 539c67fe423edde4bb5dff4fcde12253,
        type: 3}
      propertyPath: m_Center.z
      value: 0.027955653
      objectReference: {fileID: 0}
    - target: {fileID: 6842017315671247073, guid: 539c67fe423edde4bb5dff4fcde12253,
        type: 3}
      propertyPath: m_RootOrder
      value: 3
      objectReference: {fileID: 0}
    - target: {fileID: 6842017315671247073, guid: 539c67fe423edde4bb5dff4fcde12253,
        type: 3}
      propertyPath: m_LocalScale.x
      value: 1
      objectReference: {fileID: 0}
    - target: {fileID: 6842017315671247073, guid: 539c67fe423edde4bb5dff4fcde12253,
        type: 3}
      propertyPath: m_LocalScale.y
      value: 1
      objectReference: {fileID: 0}
    - target: {fileID: 6842017315671247073, guid: 539c67fe423edde4bb5dff4fcde12253,
        type: 3}
      propertyPath: m_LocalScale.z
      value: 1
      objectReference: {fileID: 0}
    - target: {fileID: 6842017315671247073, guid: 539c67fe423edde4bb5dff4fcde12253,
        type: 3}
      propertyPath: m_LocalPosition.x
      value: 0
      objectReference: {fileID: 0}
    - target: {fileID: 6842017315671247073, guid: 539c67fe423edde4bb5dff4fcde12253,
        type: 3}
      propertyPath: m_LocalPosition.y
      value: 0
      objectReference: {fileID: 0}
    - target: {fileID: 6842017315671247073, guid: 539c67fe423edde4bb5dff4fcde12253,
        type: 3}
      propertyPath: m_LocalPosition.z
      value: 0
      objectReference: {fileID: 0}
    - target: {fileID: 6842017315671247073, guid: 539c67fe423edde4bb5dff4fcde12253,
        type: 3}
      propertyPath: m_LocalRotation.w
      value: 1
      objectReference: {fileID: 0}
    - target: {fileID: 6842017315671247073, guid: 539c67fe423edde4bb5dff4fcde12253,
        type: 3}
      propertyPath: m_LocalRotation.x
      value: 0
      objectReference: {fileID: 0}
    - target: {fileID: 6842017315671247073, guid: 539c67fe423edde4bb5dff4fcde12253,
        type: 3}
      propertyPath: m_LocalRotation.y
      value: 0
      objectReference: {fileID: 0}
    - target: {fileID: 6842017315671247073, guid: 539c67fe423edde4bb5dff4fcde12253,
        type: 3}
      propertyPath: m_LocalRotation.z
      value: 0
      objectReference: {fileID: 0}
    - target: {fileID: 6842017315671247073, guid: 539c67fe423edde4bb5dff4fcde12253,
        type: 3}
      propertyPath: m_LocalEulerAnglesHint.x
      value: 0
      objectReference: {fileID: 0}
    - target: {fileID: 6842017315671247073, guid: 539c67fe423edde4bb5dff4fcde12253,
        type: 3}
      propertyPath: m_LocalEulerAnglesHint.y
      value: 0
      objectReference: {fileID: 0}
    - target: {fileID: 6842017315671247073, guid: 539c67fe423edde4bb5dff4fcde12253,
        type: 3}
      propertyPath: m_LocalEulerAnglesHint.z
      value: 0
      objectReference: {fileID: 0}
    m_RemovedComponents: []
  m_SourcePrefab: {fileID: 100100000, guid: 539c67fe423edde4bb5dff4fcde12253, type: 3}
--- !u!4 &3579811134304026966 stripped
Transform:
  m_CorrespondingSourceObject: {fileID: 6842017315671247073, guid: 539c67fe423edde4bb5dff4fcde12253,
    type: 3}
  m_PrefabInstance: {fileID: 8024764990630529463}
  m_PrefabAsset: {fileID: 0}
--- !u!1001 &8554996270408015941
PrefabInstance:
  m_ObjectHideFlags: 0
  serializedVersion: 2
  m_Modification:
    m_TransformParent: {fileID: 3936820469082810030}
    m_Modifications:
    - target: {fileID: -8679921383154817045, guid: e3acd0d4d5a27f146ae4383ecab1fd9b,
        type: 3}
      propertyPath: m_RootOrder
      value: 0
      objectReference: {fileID: 0}
    - target: {fileID: -8679921383154817045, guid: e3acd0d4d5a27f146ae4383ecab1fd9b,
        type: 3}
      propertyPath: m_LocalPosition.x
      value: 0
      objectReference: {fileID: 0}
    - target: {fileID: -8679921383154817045, guid: e3acd0d4d5a27f146ae4383ecab1fd9b,
        type: 3}
      propertyPath: m_LocalPosition.y
      value: 0
      objectReference: {fileID: 0}
    - target: {fileID: -8679921383154817045, guid: e3acd0d4d5a27f146ae4383ecab1fd9b,
        type: 3}
      propertyPath: m_LocalPosition.z
      value: 0
      objectReference: {fileID: 0}
    - target: {fileID: -8679921383154817045, guid: e3acd0d4d5a27f146ae4383ecab1fd9b,
        type: 3}
      propertyPath: m_LocalRotation.w
      value: 1
      objectReference: {fileID: 0}
    - target: {fileID: -8679921383154817045, guid: e3acd0d4d5a27f146ae4383ecab1fd9b,
        type: 3}
      propertyPath: m_LocalRotation.x
      value: -0
      objectReference: {fileID: 0}
    - target: {fileID: -8679921383154817045, guid: e3acd0d4d5a27f146ae4383ecab1fd9b,
        type: 3}
      propertyPath: m_LocalRotation.y
      value: -0
      objectReference: {fileID: 0}
    - target: {fileID: -8679921383154817045, guid: e3acd0d4d5a27f146ae4383ecab1fd9b,
        type: 3}
      propertyPath: m_LocalRotation.z
      value: -0
      objectReference: {fileID: 0}
    - target: {fileID: -8679921383154817045, guid: e3acd0d4d5a27f146ae4383ecab1fd9b,
        type: 3}
      propertyPath: m_LocalEulerAnglesHint.x
      value: 0
      objectReference: {fileID: 0}
    - target: {fileID: -8679921383154817045, guid: e3acd0d4d5a27f146ae4383ecab1fd9b,
        type: 3}
      propertyPath: m_LocalEulerAnglesHint.y
      value: 0
      objectReference: {fileID: 0}
    - target: {fileID: -8679921383154817045, guid: e3acd0d4d5a27f146ae4383ecab1fd9b,
        type: 3}
      propertyPath: m_LocalEulerAnglesHint.z
      value: 0
      objectReference: {fileID: 0}
    - target: {fileID: -237901544575292897, guid: e3acd0d4d5a27f146ae4383ecab1fd9b,
        type: 3}
      propertyPath: m_Layer
      value: 16
      objectReference: {fileID: 0}
    - target: {fileID: -237901544575292897, guid: e3acd0d4d5a27f146ae4383ecab1fd9b,
        type: 3}
      propertyPath: m_StaticEditorFlags
      value: 4294967295
      objectReference: {fileID: 0}
    - target: {fileID: 919132149155446097, guid: e3acd0d4d5a27f146ae4383ecab1fd9b,
        type: 3}
      propertyPath: m_Name
      value: prop_cryotube
      objectReference: {fileID: 0}
    - target: {fileID: 919132149155446097, guid: e3acd0d4d5a27f146ae4383ecab1fd9b,
        type: 3}
      propertyPath: m_Layer
      value: 16
      objectReference: {fileID: 0}
    - target: {fileID: 919132149155446097, guid: e3acd0d4d5a27f146ae4383ecab1fd9b,
        type: 3}
      propertyPath: m_StaticEditorFlags
      value: 4294967295
      objectReference: {fileID: 0}
    - target: {fileID: 3095872048328997306, guid: e3acd0d4d5a27f146ae4383ecab1fd9b,
        type: 3}
      propertyPath: m_Layer
      value: 16
      objectReference: {fileID: 0}
    - target: {fileID: 3095872048328997306, guid: e3acd0d4d5a27f146ae4383ecab1fd9b,
        type: 3}
      propertyPath: m_StaticEditorFlags
      value: 4294967295
      objectReference: {fileID: 0}
    - target: {fileID: 5874071692486731204, guid: e3acd0d4d5a27f146ae4383ecab1fd9b,
        type: 3}
      propertyPath: m_Materials.Array.data[0]
      value: 
      objectReference: {fileID: 2100000, guid: b2b8bbdad18facd4799dc06986a4797c, type: 2}
    - target: {fileID: 9167379078294561220, guid: e3acd0d4d5a27f146ae4383ecab1fd9b,
        type: 3}
      propertyPath: m_Materials.Array.data[0]
      value: 
      objectReference: {fileID: 2100000, guid: 37a1a88ab1f79a346963d2687b8bf1f7, type: 2}
    m_RemovedComponents: []
  m_SourcePrefab: {fileID: 100100000, guid: e3acd0d4d5a27f146ae4383ecab1fd9b, type: 3}
--- !u!4 &8157086230560589742 stripped
Transform:
  m_CorrespondingSourceObject: {fileID: -8679921383154817045, guid: e3acd0d4d5a27f146ae4383ecab1fd9b,
    type: 3}
  m_PrefabInstance: {fileID: 8554996270408015941}
  m_PrefabAsset: {fileID: 0}
--- !u!1 &723881099585161818 stripped
GameObject:
  m_CorrespondingSourceObject: {fileID: -237901544575292897, guid: e3acd0d4d5a27f146ae4383ecab1fd9b,
    type: 3}
  m_PrefabInstance: {fileID: 8554996270408015941}
  m_PrefabAsset: {fileID: 0}
