%YAML 1.1
%TAG !u! tag:unity3d.com,2011:
--- !u!1 &3037970749852608398
GameObject:
  m_ObjectHideFlags: 0
  m_CorrespondingSourceObject: {fileID: 0}
  m_PrefabInstance: {fileID: 0}
  m_PrefabAsset: {fileID: 0}
  serializedVersion: 6
  m_Component:
  - component: {fileID: 4341280758582012629}
  - component: {fileID: 4837132364799223579}
  - component: {fileID: 8653485346006047384}
  m_Layer: 0
  m_Name: weap_launcher
  m_TagString: Untagged
  m_Icon: {fileID: 0}
  m_NavMeshLayer: 0
  m_StaticEditorFlags: 0
  m_IsActive: 1
--- !u!4 &4341280758582012629
Transform:
  m_ObjectHideFlags: 0
  m_CorrespondingSourceObject: {fileID: 0}
  m_PrefabInstance: {fileID: 0}
  m_PrefabAsset: {fileID: 0}
  m_GameObject: {fileID: 3037970749852608398}
  m_LocalRotation: {x: -0, y: -0.7071071, z: -0, w: 0.7071065}
  m_LocalPosition: {x: -0, y: 0, z: 0}
  m_LocalScale: {x: 1, y: 1, z: 1}
  m_Children:
  - {fileID: 9148686002122748499}
  - {fileID: 9148686000212687015}
  m_Father: {fileID: 850581069910692797}
  m_RootOrder: 0
  m_LocalEulerAnglesHint: {x: 0, y: -90.00001, z: 0}
--- !u!33 &4837132364799223579
MeshFilter:
  m_ObjectHideFlags: 0
  m_CorrespondingSourceObject: {fileID: 0}
  m_PrefabInstance: {fileID: 0}
  m_PrefabAsset: {fileID: 0}
  m_GameObject: {fileID: 3037970749852608398}
  m_Mesh: {fileID: 6420534463966389825, guid: d6db43afb25a8044581edd194740669f, type: 3}
--- !u!23 &8653485346006047384
MeshRenderer:
  m_ObjectHideFlags: 0
  m_CorrespondingSourceObject: {fileID: 0}
  m_PrefabInstance: {fileID: 0}
  m_PrefabAsset: {fileID: 0}
  m_GameObject: {fileID: 3037970749852608398}
  m_Enabled: 1
  m_CastShadows: 1
  m_ReceiveShadows: 1
  m_DynamicOccludee: 1
  m_MotionVectors: 1
  m_LightProbeUsage: 1
  m_ReflectionProbeUsage: 1
  m_RayTracingMode: 2
  m_RenderingLayerMask: 1
  m_RendererPriority: 0
  m_Materials:
  - {fileID: 2100000, guid: 1735b615d6c63e5489b7e93952633ae3, type: 2}
  m_StaticBatchInfo:
    firstSubMesh: 0
    subMeshCount: 0
  m_StaticBatchRoot: {fileID: 0}
  m_ProbeAnchor: {fileID: 0}
  m_LightProbeVolumeOverride: {fileID: 0}
  m_ScaleInLightmap: 1
  m_ReceiveGI: 1
  m_PreserveUVs: 0
  m_IgnoreNormalsForChartDetection: 0
  m_ImportantGI: 0
  m_StitchLightmapSeams: 1
  m_SelectedEditorRenderState: 3
  m_MinimumChartSize: 4
  m_AutoUVMaxDistance: 0.5
  m_AutoUVMaxAngle: 89
  m_LightmapParameters: {fileID: 0}
  m_SortingLayerID: 0
  m_SortingLayer: 0
  m_SortingOrder: 0
--- !u!1 &7760992376553004167
GameObject:
  m_ObjectHideFlags: 0
  m_CorrespondingSourceObject: {fileID: 0}
  m_PrefabInstance: {fileID: 0}
  m_PrefabAsset: {fileID: 0}
  serializedVersion: 6
  m_Component:
  - component: {fileID: 850581069910692797}
  - component: {fileID: 5175105220146582989}
  - component: {fileID: 4841687858731442850}
  - component: {fileID: 2262607422585462445}
  m_Layer: 14
  m_Name: weap_rocket_launcher
  m_TagString: Untagged
  m_Icon: {fileID: 0}
  m_NavMeshLayer: 0
  m_StaticEditorFlags: 0
  m_IsActive: 1
--- !u!4 &850581069910692797
Transform:
  m_ObjectHideFlags: 0
  m_CorrespondingSourceObject: {fileID: 0}
  m_PrefabInstance: {fileID: 0}
  m_PrefabAsset: {fileID: 0}
  m_GameObject: {fileID: 7760992376553004167}
  m_LocalRotation: {x: -0, y: -0, z: -0, w: 1}
  m_LocalPosition: {x: 0, y: 0, z: 0}
  m_LocalScale: {x: 1, y: 1, z: 1}
  m_Children:
  - {fileID: 4341280758582012629}
  m_Father: {fileID: 0}
  m_RootOrder: 0
  m_LocalEulerAnglesHint: {x: 0, y: 0, z: 0}
--- !u!82 &5175105220146582989
AudioSource:
  m_ObjectHideFlags: 0
  m_CorrespondingSourceObject: {fileID: 0}
  m_PrefabInstance: {fileID: 0}
  m_PrefabAsset: {fileID: 0}
  m_GameObject: {fileID: 7760992376553004167}
  m_Enabled: 1
  serializedVersion: 4
  OutputAudioMixerGroup: {fileID: 24300002, guid: 536e37b79e580aa418dafd201d56217e,
    type: 2}
  m_audioClip: {fileID: 0}
  m_PlayOnAwake: 1
  m_Volume: 0.3
  m_Pitch: 1
  Loop: 0
  Mute: 0
  Spatialize: 0
  SpatializePostEffects: 0
  Priority: 128
  DopplerLevel: 1
  MinDistance: 1
  MaxDistance: 500
  Pan2D: 0
  rolloffMode: 0
  BypassEffects: 0
  BypassListenerEffects: 0
  BypassReverbZones: 0
  rolloffCustomCurve:
    serializedVersion: 2
    m_Curve:
    - serializedVersion: 3
      time: 0
      value: 1
      inSlope: 0
      outSlope: 0
      tangentMode: 0
      weightedMode: 0
      inWeight: 0.33333334
      outWeight: 0.33333334
    - serializedVersion: 3
      time: 1
      value: 0
      inSlope: 0
      outSlope: 0
      tangentMode: 0
      weightedMode: 0
      inWeight: 0.33333334
      outWeight: 0.33333334
    m_PreInfinity: 2
    m_PostInfinity: 2
    m_RotationOrder: 4
  panLevelCustomCurve:
    serializedVersion: 2
    m_Curve:
    - serializedVersion: 3
      time: 0
      value: 0
      inSlope: 0
      outSlope: 0
      tangentMode: 0
      weightedMode: 0
      inWeight: 0.33333334
      outWeight: 0.33333334
    m_PreInfinity: 2
    m_PostInfinity: 2
    m_RotationOrder: 4
  spreadCustomCurve:
    serializedVersion: 2
    m_Curve:
    - serializedVersion: 3
      time: 0
      value: 0
      inSlope: 0
      outSlope: 0
      tangentMode: 0
      weightedMode: 0
      inWeight: 0.33333334
      outWeight: 0.33333334
    m_PreInfinity: 2
    m_PostInfinity: 2
    m_RotationOrder: 4
  reverbZoneMixCustomCurve:
    serializedVersion: 2
    m_Curve:
    - serializedVersion: 3
      time: 0
      value: 1
      inSlope: 0
      outSlope: 0
      tangentMode: 0
      weightedMode: 0
      inWeight: 0.33333334
      outWeight: 0.33333334
    m_PreInfinity: 2
    m_PostInfinity: 2
    m_RotationOrder: 4
--- !u!114 &4841687858731442850
MonoBehaviour:
  m_ObjectHideFlags: 0
  m_CorrespondingSourceObject: {fileID: 0}
  m_PrefabInstance: {fileID: 0}
  m_PrefabAsset: {fileID: 0}
  m_GameObject: {fileID: 7760992376553004167}
  m_Enabled: 1
  m_EditorHideFlags: 0
  m_Script: {fileID: 11500000, guid: c51f975cbcc6fa04bb89b93551b6187d, type: 3}
  m_Name: 
  m_EditorClassIdentifier: 
  WeaponName: Rocket
  WeaponID: 4
  Unlocked: 1
  Type: 5
  BulletsPerMagazine: 4
  TotalBullets: 0
  BulletsAmounts: 4
  Fire_Rate: 1.6
  Precision: 50
  LossOfAccuracyPerShot: 0.01
  BulletPrefab: {fileID: 489782160844595359, guid: fd128a8e46af8ac4ab8a2fb03ffcc8bf,
    type: 3}
  MuzzleFlashParticlePrefab: {fileID: 100000, guid: 68d6a3fd59255cf408c9fed9b46b8442,
    type: 3}
  Shoot_Position: {fileID: 9148686002122748499}
  GenerateProceduralAnimation: 1
  RecoilForce: 0.3
  RecoilForceRotation: 15.4
  GunSlider: {fileID: 0}
  SliderMovementOffset: 0
  SliderStartLocalPosition: {x: 0, y: 0, z: 0}
  BulletCasingPrefab: {fileID: 0}
  IK_Position_LeftHand: {fileID: 9148686000212687015}
  ShootAudio: {fileID: 8300000, guid: 95dda6c3ae6c7264caad7eb5eb75a9e7, type: 3}
  ReloadAudio: {fileID: 8300000, guid: 42bc927704404744dba9eea9421bb391, type: 3}
  damage: 90
  GizmosVisualizationSettings:
    ResourcesPath: H:/Users/SSHD/Documents/_1 Unity Projects Folders/_HPS1_PathogenX/unity/Assets/Julhiecio
      TPS Controller/Editor/GizmosModels/
    GizmosColor: {r: 0, g: 0, b: 0, a: 0.5}
    WireGizmosColor: {r: 0.9, g: 0.4, b: 0.2, a: 0.5}
    StepVisualizerMesh: {fileID: -3964615163347849732, guid: 6b70b21f3295a7441b544a6f7bd820e9,
      type: 3}
    StepVisualizerWireMesh: {fileID: -3964615163347849732, guid: 17be10cd01a532c44b8d1d89672b99cf,
      type: 3}
    HandVisualizerMesh: {fileID: -2013328763224876406, guid: bb3860e4e566300458934675c8d3e5a3,
      type: 3}
    HandVisualizerWireMesh: {fileID: 5286559689909709851, guid: da6556561970af2438d2ae1aa6e84244,
      type: 3}
--- !u!65 &2262607422585462445
BoxCollider:
  m_ObjectHideFlags: 0
  m_CorrespondingSourceObject: {fileID: 0}
  m_PrefabInstance: {fileID: 0}
  m_PrefabAsset: {fileID: 0}
  m_GameObject: {fileID: 7760992376553004167}
  m_Material: {fileID: 0}
  m_IsTrigger: 1
  m_Enabled: 1
  serializedVersion: 2
  m_Size: {x: 1, y: 1, z: 1}
  m_Center: {x: 0, y: 0.025, z: 0.05}
--- !u!1 &9148686000212687032
GameObject:
  m_ObjectHideFlags: 0
  m_CorrespondingSourceObject: {fileID: 0}
  m_PrefabInstance: {fileID: 0}
  m_PrefabAsset: {fileID: 0}
  serializedVersion: 6
  m_Component:
  - component: {fileID: 9148686000212687015}
  m_Layer: 9
  m_Name: IKHandLPosition
  m_TagString: Untagged
  m_Icon: {fileID: 0}
  m_NavMeshLayer: 0
  m_StaticEditorFlags: 0
  m_IsActive: 1
--- !u!4 &9148686000212687015
Transform:
  m_ObjectHideFlags: 0
  m_CorrespondingSourceObject: {fileID: 0}
  m_PrefabInstance: {fileID: 0}
  m_PrefabAsset: {fileID: 0}
  m_GameObject: {fileID: 9148686000212687032}
  m_LocalRotation: {x: 0.8025168, y: 0.17542516, z: 0.48962355, w: 0.29233795}
  m_LocalPosition: {x: -0.181, y: -0.038300034, z: 0.065}
  m_LocalScale: {x: 0.029433366, y: 0.029433373, z: 0.02943338}
  m_Children: []
  m_Father: {fileID: 4341280758582012629}
  m_RootOrder: 1
  m_LocalEulerAnglesHint: {x: 17.303, y: 21.481, z: 143.505}
--- !u!1 &9148686002122748500
GameObject:
  m_ObjectHideFlags: 0
  m_CorrespondingSourceObject: {fileID: 0}
  m_PrefabInstance: {fileID: 0}
  m_PrefabAsset: {fileID: 0}
  serializedVersion: 6
  m_Component:
  - component: {fileID: 9148686002122748499}
  m_Layer: 9
  m_Name: ShootPosition
  m_TagString: Untagged
  m_Icon: {fileID: 0}
  m_NavMeshLayer: 0
  m_StaticEditorFlags: 0
  m_IsActive: 1
--- !u!4 &9148686002122748499
Transform:
  m_ObjectHideFlags: 0
  m_CorrespondingSourceObject: {fileID: 0}
  m_PrefabInstance: {fileID: 0}
  m_PrefabAsset: {fileID: 0}
  m_GameObject: {fileID: 9148686002122748500}
  m_LocalRotation: {x: 0.00000020019752, y: 0.70710707, z: 0.00000003161004, w: 0.70710653}
  m_LocalPosition: {x: 0.279, y: 0.157, z: -0}
  m_LocalScale: {x: 0.029433368, y: 0.029433364, z: 0.029433358}
  m_Children: []
  m_Father: {fileID: 4341280758582012629}
  m_RootOrder: 0
  m_LocalEulerAnglesHint: {x: 0, y: 0, z: 0}
