%YAML 1.1
%TAG !u! tag:unity3d.com,2011:
--- !u!1 &1120721515205320276
GameObject:
  m_ObjectHideFlags: 0
  m_CorrespondingSourceObject: {fileID: 0}
  m_PrefabInstance: {fileID: 0}
  m_PrefabAsset: {fileID: 0}
  serializedVersion: 6
  m_Component:
  - component: {fileID: 8059169022963866505}
  - component: {fileID: 984946633601832353}
  - component: {fileID: 8815392396185262077}
  m_Layer: 0
  m_Name: Plane
  m_TagString: Untagged
  m_Icon: {fileID: 0}
  m_NavMeshLayer: 0
  m_StaticEditorFlags: 0
  m_IsActive: 1
--- !u!4 &8059169022963866505
Transform:
  m_ObjectHideFlags: 0
  m_CorrespondingSourceObject: {fileID: 0}
  m_PrefabInstance: {fileID: 0}
  m_PrefabAsset: {fileID: 0}
  m_GameObject: {fileID: 1120721515205320276}
  m_LocalRotation: {x: -0, y: -0, z: -0, w: 1}
  m_LocalPosition: {x: 0.103, y: 0.041, z: -0.289}
  m_LocalScale: {x: 0.12408999, y: 0.12408999, z: 0.12408999}
  m_Children: []
  m_Father: {fileID: 4486802843294706437}
  m_RootOrder: 1
  m_LocalEulerAnglesHint: {x: 0, y: 0, z: 0}
--- !u!33 &984946633601832353
MeshFilter:
  m_ObjectHideFlags: 0
  m_CorrespondingSourceObject: {fileID: 0}
  m_PrefabInstance: {fileID: 0}
  m_PrefabAsset: {fileID: 0}
  m_GameObject: {fileID: 1120721515205320276}
  m_Mesh: {fileID: 10209, guid: 0000000000000000e000000000000000, type: 0}
--- !u!23 &8815392396185262077
MeshRenderer:
  m_ObjectHideFlags: 0
  m_CorrespondingSourceObject: {fileID: 0}
  m_PrefabInstance: {fileID: 0}
  m_PrefabAsset: {fileID: 0}
  m_GameObject: {fileID: 1120721515205320276}
  m_Enabled: 1
  m_CastShadows: 0
  m_ReceiveShadows: 1
  m_DynamicOccludee: 1
  m_MotionVectors: 1
  m_LightProbeUsage: 1
  m_ReflectionProbeUsage: 1
  m_RayTracingMode: 2
  m_RenderingLayerMask: 1
  m_RendererPriority: 0
  m_Materials:
  - {fileID: 2100000, guid: 3600b0136c9d90c4188deeb8257c083e, type: 2}
  m_StaticBatchInfo:
    firstSubMesh: 0
    subMeshCount: 0
  m_StaticBatchRoot: {fileID: 0}
  m_ProbeAnchor: {fileID: 0}
  m_LightProbeVolumeOverride: {fileID: 0}
  m_ScaleInLightmap: 1
  m_ReceiveGI: 1
  m_PreserveUVs: 0
  m_IgnoreNormalsForChartDetection: 0
  m_ImportantGI: 0
  m_StitchLightmapSeams: 1
  m_SelectedEditorRenderState: 3
  m_MinimumChartSize: 4
  m_AutoUVMaxDistance: 0.5
  m_AutoUVMaxAngle: 89
  m_LightmapParameters: {fileID: 0}
  m_SortingLayerID: 0
  m_SortingLayer: 0
  m_SortingOrder: 0
--- !u!1 &8357774663350484702
GameObject:
  m_ObjectHideFlags: 0
  m_CorrespondingSourceObject: {fileID: 0}
  m_PrefabInstance: {fileID: 0}
  m_PrefabAsset: {fileID: 0}
  serializedVersion: 6
  m_Component:
  - component: {fileID: 4486802843294706437}
  m_Layer: 0
  m_Name: soldier_dead_04
  m_TagString: Untagged
  m_Icon: {fileID: 0}
  m_NavMeshLayer: 0
  m_StaticEditorFlags: 0
  m_IsActive: 1
--- !u!4 &4486802843294706437
Transform:
  m_ObjectHideFlags: 0
  m_CorrespondingSourceObject: {fileID: 0}
  m_PrefabInstance: {fileID: 0}
  m_PrefabAsset: {fileID: 0}
  m_GameObject: {fileID: 8357774663350484702}
  m_LocalRotation: {x: 0, y: 0, z: 0, w: 1}
  m_LocalPosition: {x: 0, y: 0, z: 0}
  m_LocalScale: {x: 1, y: 1, z: 1}
  m_Children:
  - {fileID: 7358161111789834866}
  - {fileID: 8059169022963866505}
  - {fileID: 3836621691292586834}
  - {fileID: 7228759926909468852}
  - {fileID: 3087007594165274450}
  m_Father: {fileID: 0}
  m_RootOrder: 0
  m_LocalEulerAnglesHint: {x: 0, y: 0, z: 0}
--- !u!1001 &757628492488628729
PrefabInstance:
  m_ObjectHideFlags: 0
  serializedVersion: 2
  m_Modification:
    m_TransformParent: {fileID: 4486802843294706437}
    m_Modifications:
    - target: {fileID: 2329735485256654507, guid: 3e36012c55d7c894395fcf5f1b4cc57a,
        type: 3}
      propertyPath: m_Pivot.x
      value: 0
      objectReference: {fileID: 0}
    - target: {fileID: 2329735485256654507, guid: 3e36012c55d7c894395fcf5f1b4cc57a,
        type: 3}
      propertyPath: m_Pivot.y
      value: 0
      objectReference: {fileID: 0}
    - target: {fileID: 2329735485256654507, guid: 3e36012c55d7c894395fcf5f1b4cc57a,
        type: 3}
      propertyPath: m_RootOrder
      value: 4
      objectReference: {fileID: 0}
    - target: {fileID: 2329735485256654507, guid: 3e36012c55d7c894395fcf5f1b4cc57a,
        type: 3}
      propertyPath: m_AnchorMax.x
      value: 0
      objectReference: {fileID: 0}
    - target: {fileID: 2329735485256654507, guid: 3e36012c55d7c894395fcf5f1b4cc57a,
        type: 3}
      propertyPath: m_AnchorMax.y
      value: 0
      objectReference: {fileID: 0}
    - target: {fileID: 2329735485256654507, guid: 3e36012c55d7c894395fcf5f1b4cc57a,
        type: 3}
      propertyPath: m_AnchorMin.x
      value: 0
      objectReference: {fileID: 0}
    - target: {fileID: 2329735485256654507, guid: 3e36012c55d7c894395fcf5f1b4cc57a,
        type: 3}
      propertyPath: m_AnchorMin.y
      value: 0
      objectReference: {fileID: 0}
    - target: {fileID: 2329735485256654507, guid: 3e36012c55d7c894395fcf5f1b4cc57a,
        type: 3}
      propertyPath: m_SizeDelta.x
      value: 0
      objectReference: {fileID: 0}
    - target: {fileID: 2329735485256654507, guid: 3e36012c55d7c894395fcf5f1b4cc57a,
        type: 3}
      propertyPath: m_SizeDelta.y
      value: 0
      objectReference: {fileID: 0}
    - target: {fileID: 2329735485256654507, guid: 3e36012c55d7c894395fcf5f1b4cc57a,
        type: 3}
      propertyPath: m_LocalPosition.x
      value: 0
      objectReference: {fileID: 0}
    - target: {fileID: 2329735485256654507, guid: 3e36012c55d7c894395fcf5f1b4cc57a,
        type: 3}
      propertyPath: m_LocalPosition.y
      value: 0
      objectReference: {fileID: 0}
    - target: {fileID: 2329735485256654507, guid: 3e36012c55d7c894395fcf5f1b4cc57a,
        type: 3}
      propertyPath: m_LocalPosition.z
      value: 0
      objectReference: {fileID: 0}
    - target: {fileID: 2329735485256654507, guid: 3e36012c55d7c894395fcf5f1b4cc57a,
        type: 3}
      propertyPath: m_LocalRotation.w
      value: 1
      objectReference: {fileID: 0}
    - target: {fileID: 2329735485256654507, guid: 3e36012c55d7c894395fcf5f1b4cc57a,
        type: 3}
      propertyPath: m_LocalRotation.x
      value: 0
      objectReference: {fileID: 0}
    - target: {fileID: 2329735485256654507, guid: 3e36012c55d7c894395fcf5f1b4cc57a,
        type: 3}
      propertyPath: m_LocalRotation.y
      value: 0
      objectReference: {fileID: 0}
    - target: {fileID: 2329735485256654507, guid: 3e36012c55d7c894395fcf5f1b4cc57a,
        type: 3}
      propertyPath: m_LocalRotation.z
      value: 0
      objectReference: {fileID: 0}
    - target: {fileID: 2329735485256654507, guid: 3e36012c55d7c894395fcf5f1b4cc57a,
        type: 3}
      propertyPath: m_AnchoredPosition.x
      value: 0
      objectReference: {fileID: 0}
    - target: {fileID: 2329735485256654507, guid: 3e36012c55d7c894395fcf5f1b4cc57a,
        type: 3}
      propertyPath: m_AnchoredPosition.y
      value: 0
      objectReference: {fileID: 0}
    - target: {fileID: 2329735485256654507, guid: 3e36012c55d7c894395fcf5f1b4cc57a,
        type: 3}
      propertyPath: m_LocalEulerAnglesHint.x
      value: 0
      objectReference: {fileID: 0}
    - target: {fileID: 2329735485256654507, guid: 3e36012c55d7c894395fcf5f1b4cc57a,
        type: 3}
      propertyPath: m_LocalEulerAnglesHint.y
      value: 0
      objectReference: {fileID: 0}
    - target: {fileID: 2329735485256654507, guid: 3e36012c55d7c894395fcf5f1b4cc57a,
        type: 3}
      propertyPath: m_LocalEulerAnglesHint.z
      value: 0
      objectReference: {fileID: 0}
    - target: {fileID: 2329735485256654511, guid: 3e36012c55d7c894395fcf5f1b4cc57a,
        type: 3}
      propertyPath: m_Name
      value: CanvasInstruction
      objectReference: {fileID: 0}
    - target: {fileID: 2329735485898205097, guid: 3e36012c55d7c894395fcf5f1b4cc57a,
        type: 3}
      propertyPath: m_Controller
      value: 
      objectReference: {fileID: 9100000, guid: 2799ed7acb1ec1a499fd2e8f9b9894ad, type: 2}
    m_RemovedComponents: []
  m_SourcePrefab: {fileID: 100100000, guid: 3e36012c55d7c894395fcf5f1b4cc57a, type: 3}
--- !u!1 &3087007594165274454 stripped
GameObject:
  m_CorrespondingSourceObject: {fileID: 2329735485256654511, guid: 3e36012c55d7c894395fcf5f1b4cc57a,
    type: 3}
  m_PrefabInstance: {fileID: 757628492488628729}
  m_PrefabAsset: {fileID: 0}
--- !u!224 &3087007594165274450 stripped
RectTransform:
  m_CorrespondingSourceObject: {fileID: 2329735485256654507, guid: 3e36012c55d7c894395fcf5f1b4cc57a,
    type: 3}
  m_PrefabInstance: {fileID: 757628492488628729}
  m_PrefabAsset: {fileID: 0}
--- !u!1001 &7032311404697679257
PrefabInstance:
  m_ObjectHideFlags: 0
  serializedVersion: 2
  m_Modification:
    m_TransformParent: {fileID: 4486802843294706437}
    m_Modifications:
    - target: {fileID: -8679921383154817045, guid: 82262cfd30ffbd9448e0953ea7061fba,
        type: 3}
      propertyPath: m_RootOrder
      value: 0
      objectReference: {fileID: 0}
    - target: {fileID: -8679921383154817045, guid: 82262cfd30ffbd9448e0953ea7061fba,
        type: 3}
      propertyPath: m_LocalPosition.x
      value: 0
      objectReference: {fileID: 0}
    - target: {fileID: -8679921383154817045, guid: 82262cfd30ffbd9448e0953ea7061fba,
        type: 3}
      propertyPath: m_LocalPosition.y
      value: 0
      objectReference: {fileID: 0}
    - target: {fileID: -8679921383154817045, guid: 82262cfd30ffbd9448e0953ea7061fba,
        type: 3}
      propertyPath: m_LocalPosition.z
      value: 0
      objectReference: {fileID: 0}
    - target: {fileID: -8679921383154817045, guid: 82262cfd30ffbd9448e0953ea7061fba,
        type: 3}
      propertyPath: m_LocalRotation.w
      value: 1
      objectReference: {fileID: 0}
    - target: {fileID: -8679921383154817045, guid: 82262cfd30ffbd9448e0953ea7061fba,
        type: 3}
      propertyPath: m_LocalRotation.x
      value: -0
      objectReference: {fileID: 0}
    - target: {fileID: -8679921383154817045, guid: 82262cfd30ffbd9448e0953ea7061fba,
        type: 3}
      propertyPath: m_LocalRotation.y
      value: -0
      objectReference: {fileID: 0}
    - target: {fileID: -8679921383154817045, guid: 82262cfd30ffbd9448e0953ea7061fba,
        type: 3}
      propertyPath: m_LocalRotation.z
      value: -0
      objectReference: {fileID: 0}
    - target: {fileID: -8679921383154817045, guid: 82262cfd30ffbd9448e0953ea7061fba,
        type: 3}
      propertyPath: m_LocalEulerAnglesHint.x
      value: 0
      objectReference: {fileID: 0}
    - target: {fileID: -8679921383154817045, guid: 82262cfd30ffbd9448e0953ea7061fba,
        type: 3}
      propertyPath: m_LocalEulerAnglesHint.y
      value: 0
      objectReference: {fileID: 0}
    - target: {fileID: -8679921383154817045, guid: 82262cfd30ffbd9448e0953ea7061fba,
        type: 3}
      propertyPath: m_LocalEulerAnglesHint.z
      value: 0
      objectReference: {fileID: 0}
    - target: {fileID: 919132149155446097, guid: 82262cfd30ffbd9448e0953ea7061fba,
        type: 3}
      propertyPath: m_Name
      value: soldier_dead_04
      objectReference: {fileID: 0}
    - target: {fileID: 8926606941347592361, guid: 82262cfd30ffbd9448e0953ea7061fba,
        type: 3}
      propertyPath: m_Materials.Array.data[0]
      value: 
      objectReference: {fileID: 2100000, guid: 230b97a2d44db6048974bf158b91075f, type: 2}
    m_RemovedComponents: []
  m_SourcePrefab: {fileID: 100100000, guid: 82262cfd30ffbd9448e0953ea7061fba, type: 3}
--- !u!4 &7358161111789834866 stripped
Transform:
  m_CorrespondingSourceObject: {fileID: -8679921383154817045, guid: 82262cfd30ffbd9448e0953ea7061fba,
    type: 3}
  m_PrefabInstance: {fileID: 7032311404697679257}
  m_PrefabAsset: {fileID: 0}
--- !u!1001 &7768095171130268595
PrefabInstance:
  m_ObjectHideFlags: 0
  serializedVersion: 2
  m_Modification:
    m_TransformParent: {fileID: 4486802843294706437}
    m_Modifications:
    - target: {fileID: 2526157408303857569, guid: 539c67fe423edde4bb5dff4fcde12253,
        type: 3}
      propertyPath: txtToParse
      value: 
      objectReference: {fileID: 4900000, guid: d9fdb99b29fbfd846844b610888dd961, type: 3}
    - target: {fileID: 2526157408303857569, guid: 539c67fe423edde4bb5dff4fcde12253,
        type: 3}
      propertyPath: lineToBreak
      value: 37
      objectReference: {fileID: 0}
    - target: {fileID: 2526157408303857569, guid: 539c67fe423edde4bb5dff4fcde12253,
        type: 3}
      propertyPath: lineToStart
      value: 37
      objectReference: {fileID: 0}
    - target: {fileID: 2526157408303857569, guid: 539c67fe423edde4bb5dff4fcde12253,
        type: 3}
      propertyPath: rpgtalkTarget
      value: 
      objectReference: {fileID: 7228759926909468853}
    - target: {fileID: 2526157408303857569, guid: 539c67fe423edde4bb5dff4fcde12253,
        type: 3}
      propertyPath: showWhenInteractionIsPossible.Array.data[0]
      value: 
      objectReference: {fileID: 3087007594165274454}
    - target: {fileID: 3546897107960130560, guid: 539c67fe423edde4bb5dff4fcde12253,
        type: 3}
      propertyPath: m_Name
      value: Inspect
      objectReference: {fileID: 0}
    - target: {fileID: 5400400303731364019, guid: 539c67fe423edde4bb5dff4fcde12253,
        type: 3}
      propertyPath: m_Size.x
      value: 0.621508
      objectReference: {fileID: 0}
    - target: {fileID: 5400400303731364019, guid: 539c67fe423edde4bb5dff4fcde12253,
        type: 3}
      propertyPath: m_Size.y
      value: 0.79953563
      objectReference: {fileID: 0}
    - target: {fileID: 5400400303731364019, guid: 539c67fe423edde4bb5dff4fcde12253,
        type: 3}
      propertyPath: m_Size.z
      value: 0.860771
      objectReference: {fileID: 0}
    - target: {fileID: 5400400303731364019, guid: 539c67fe423edde4bb5dff4fcde12253,
        type: 3}
      propertyPath: m_Center.x
      value: 0.083155096
      objectReference: {fileID: 0}
    - target: {fileID: 5400400303731364019, guid: 539c67fe423edde4bb5dff4fcde12253,
        type: 3}
      propertyPath: m_Center.y
      value: 0.37507623
      objectReference: {fileID: 0}
    - target: {fileID: 5400400303731364019, guid: 539c67fe423edde4bb5dff4fcde12253,
        type: 3}
      propertyPath: m_Center.z
      value: -0.18831763
      objectReference: {fileID: 0}
    - target: {fileID: 6842017315671247073, guid: 539c67fe423edde4bb5dff4fcde12253,
        type: 3}
      propertyPath: m_RootOrder
      value: 2
      objectReference: {fileID: 0}
    - target: {fileID: 6842017315671247073, guid: 539c67fe423edde4bb5dff4fcde12253,
        type: 3}
      propertyPath: m_LocalScale.x
      value: 1
      objectReference: {fileID: 0}
    - target: {fileID: 6842017315671247073, guid: 539c67fe423edde4bb5dff4fcde12253,
        type: 3}
      propertyPath: m_LocalScale.y
      value: 1
      objectReference: {fileID: 0}
    - target: {fileID: 6842017315671247073, guid: 539c67fe423edde4bb5dff4fcde12253,
        type: 3}
      propertyPath: m_LocalScale.z
      value: 1
      objectReference: {fileID: 0}
    - target: {fileID: 6842017315671247073, guid: 539c67fe423edde4bb5dff4fcde12253,
        type: 3}
      propertyPath: m_LocalPosition.x
      value: 0
      objectReference: {fileID: 0}
    - target: {fileID: 6842017315671247073, guid: 539c67fe423edde4bb5dff4fcde12253,
        type: 3}
      propertyPath: m_LocalPosition.y
      value: 0
      objectReference: {fileID: 0}
    - target: {fileID: 6842017315671247073, guid: 539c67fe423edde4bb5dff4fcde12253,
        type: 3}
      propertyPath: m_LocalPosition.z
      value: 0
      objectReference: {fileID: 0}
    - target: {fileID: 6842017315671247073, guid: 539c67fe423edde4bb5dff4fcde12253,
        type: 3}
      propertyPath: m_LocalRotation.w
      value: 1
      objectReference: {fileID: 0}
    - target: {fileID: 6842017315671247073, guid: 539c67fe423edde4bb5dff4fcde12253,
        type: 3}
      propertyPath: m_LocalRotation.x
      value: 0
      objectReference: {fileID: 0}
    - target: {fileID: 6842017315671247073, guid: 539c67fe423edde4bb5dff4fcde12253,
        type: 3}
      propertyPath: m_LocalRotation.y
      value: 0
      objectReference: {fileID: 0}
    - target: {fileID: 6842017315671247073, guid: 539c67fe423edde4bb5dff4fcde12253,
        type: 3}
      propertyPath: m_LocalRotation.z
      value: 0
      objectReference: {fileID: 0}
    - target: {fileID: 6842017315671247073, guid: 539c67fe423edde4bb5dff4fcde12253,
        type: 3}
      propertyPath: m_LocalEulerAnglesHint.x
      value: 0
      objectReference: {fileID: 0}
    - target: {fileID: 6842017315671247073, guid: 539c67fe423edde4bb5dff4fcde12253,
        type: 3}
      propertyPath: m_LocalEulerAnglesHint.y
      value: 0
      objectReference: {fileID: 0}
    - target: {fileID: 6842017315671247073, guid: 539c67fe423edde4bb5dff4fcde12253,
        type: 3}
      propertyPath: m_LocalEulerAnglesHint.z
      value: 0
      objectReference: {fileID: 0}
    m_RemovedComponents: []
  m_SourcePrefab: {fileID: 100100000, guid: 539c67fe423edde4bb5dff4fcde12253, type: 3}
--- !u!4 &3836621691292586834 stripped
Transform:
  m_CorrespondingSourceObject: {fileID: 6842017315671247073, guid: 539c67fe423edde4bb5dff4fcde12253,
    type: 3}
  m_PrefabInstance: {fileID: 7768095171130268595}
  m_PrefabAsset: {fileID: 0}
--- !u!1001 &8864352469556135270
PrefabInstance:
  m_ObjectHideFlags: 0
  serializedVersion: 2
  m_Modification:
    m_TransformParent: {fileID: 4486802843294706437}
    m_Modifications:
    - target: {fileID: 2257771543021258193, guid: 1c58d9bc6d480ff4fb7fc8fa02f2eced,
        type: 3}
      propertyPath: m_Name
      value: DialogueHolder
      objectReference: {fileID: 0}
    - target: {fileID: 2257771543021258194, guid: 1c58d9bc6d480ff4fb7fc8fa02f2eced,
        type: 3}
      propertyPath: m_RootOrder
      value: 3
      objectReference: {fileID: 0}
    - target: {fileID: 2257771543021258194, guid: 1c58d9bc6d480ff4fb7fc8fa02f2eced,
        type: 3}
      propertyPath: m_LocalPosition.x
      value: 0
      objectReference: {fileID: 0}
    - target: {fileID: 2257771543021258194, guid: 1c58d9bc6d480ff4fb7fc8fa02f2eced,
        type: 3}
      propertyPath: m_LocalPosition.y
      value: 0
      objectReference: {fileID: 0}
    - target: {fileID: 2257771543021258194, guid: 1c58d9bc6d480ff4fb7fc8fa02f2eced,
        type: 3}
      propertyPath: m_LocalPosition.z
      value: 0
      objectReference: {fileID: 0}
    - target: {fileID: 2257771543021258194, guid: 1c58d9bc6d480ff4fb7fc8fa02f2eced,
        type: 3}
      propertyPath: m_LocalRotation.w
      value: 1
      objectReference: {fileID: 0}
    - target: {fileID: 2257771543021258194, guid: 1c58d9bc6d480ff4fb7fc8fa02f2eced,
        type: 3}
      propertyPath: m_LocalRotation.x
      value: 0
      objectReference: {fileID: 0}
    - target: {fileID: 2257771543021258194, guid: 1c58d9bc6d480ff4fb7fc8fa02f2eced,
        type: 3}
      propertyPath: m_LocalRotation.y
      value: 0
      objectReference: {fileID: 0}
    - target: {fileID: 2257771543021258194, guid: 1c58d9bc6d480ff4fb7fc8fa02f2eced,
        type: 3}
      propertyPath: m_LocalRotation.z
      value: 0
      objectReference: {fileID: 0}
    - target: {fileID: 2257771543021258194, guid: 1c58d9bc6d480ff4fb7fc8fa02f2eced,
        type: 3}
      propertyPath: m_LocalEulerAnglesHint.x
      value: 0
      objectReference: {fileID: 0}
    - target: {fileID: 2257771543021258194, guid: 1c58d9bc6d480ff4fb7fc8fa02f2eced,
        type: 3}
      propertyPath: m_LocalEulerAnglesHint.y
      value: 0
      objectReference: {fileID: 0}
    - target: {fileID: 2257771543021258194, guid: 1c58d9bc6d480ff4fb7fc8fa02f2eced,
        type: 3}
      propertyPath: m_LocalEulerAnglesHint.z
      value: 0
      objectReference: {fileID: 0}
    - target: {fileID: 2257771543563994259, guid: 1c58d9bc6d480ff4fb7fc8fa02f2eced,
        type: 3}
      propertyPath: m_Controller
      value: 
      objectReference: {fileID: 0}
    - target: {fileID: 2257771544116163710, guid: 1c58d9bc6d480ff4fb7fc8fa02f2eced,
        type: 3}
      propertyPath: m_LocalPosition.z
      value: 0
      objectReference: {fileID: 0}
    - target: {fileID: 2257771544621212003, guid: 1c58d9bc6d480ff4fb7fc8fa02f2eced,
        type: 3}
      propertyPath: m_Controller
      value: 
      objectReference: {fileID: 0}
    m_RemovedComponents: []
  m_SourcePrefab: {fileID: 100100000, guid: 1c58d9bc6d480ff4fb7fc8fa02f2eced, type: 3}
--- !u!4 &7228759926909468852 stripped
Transform:
  m_CorrespondingSourceObject: {fileID: 2257771543021258194, guid: 1c58d9bc6d480ff4fb7fc8fa02f2eced,
    type: 3}
  m_PrefabInstance: {fileID: 8864352469556135270}
  m_PrefabAsset: {fileID: 0}
--- !u!114 &7228759926909468853 stripped
MonoBehaviour:
  m_CorrespondingSourceObject: {fileID: 2257771543021258195, guid: 1c58d9bc6d480ff4fb7fc8fa02f2eced,
    type: 3}
  m_PrefabInstance: {fileID: 8864352469556135270}
  m_PrefabAsset: {fileID: 0}
  m_GameObject: {fileID: 0}
  m_Enabled: 1
  m_EditorHideFlags: 0
  m_Script: {fileID: 11500000, guid: 565fd263440bd45fa9ba0925c60f54f9, type: 3}
  m_Name: 
  m_EditorClassIdentifier: 
