%YAML 1.1
%TAG !u! tag:unity3d.com,2011:
--- !u!1 &4551266159474385243
GameObject:
  m_ObjectHideFlags: 0
  m_CorrespondingSourceObject: {fileID: 0}
  m_PrefabInstance: {fileID: 0}
  m_PrefabAsset: {fileID: 0}
  serializedVersion: 6
  m_Component:
  - component: {fileID: 1260134045703282809}
  - component: {fileID: 475732896748039677}
  - component: {fileID: 8647241209483185537}
  m_Layer: 5
  m_Name: Image
  m_TagString: Untagged
  m_Icon: {fileID: 0}
  m_NavMeshLayer: 0
  m_StaticEditorFlags: 0
  m_IsActive: 1
--- !u!224 &1260134045703282809
RectTransform:
  m_ObjectHideFlags: 0
  m_CorrespondingSourceObject: {fileID: 0}
  m_PrefabInstance: {fileID: 0}
  m_PrefabAsset: {fileID: 0}
  m_GameObject: {fileID: 4551266159474385243}
  m_LocalRotation: {x: -0, y: -0, z: -0, w: 1}
  m_LocalPosition: {x: 0, y: 0, z: 0}
  m_LocalScale: {x: 2.3999999, y: 2.3999999, z: 2.3999999}
  m_Children: []
  m_Father: {fileID: 8505659319464763720}
  m_RootOrder: 0
  m_LocalEulerAnglesHint: {x: 0, y: 0, z: 0}
  m_AnchorMin: {x: 0, y: 0}
  m_AnchorMax: {x: 1, y: 1}
  m_AnchoredPosition: {x: 1194.9282, y: 1730.2758}
  m_SizeDelta: {x: -2006.6665, y: -840}
  m_Pivot: {x: 0.5, y: 0.5}
--- !u!222 &475732896748039677
CanvasRenderer:
  m_ObjectHideFlags: 0
  m_CorrespondingSourceObject: {fileID: 0}
  m_PrefabInstance: {fileID: 0}
  m_PrefabAsset: {fileID: 0}
  m_GameObject: {fileID: 4551266159474385243}
  m_CullTransparentMesh: 0
--- !u!114 &8647241209483185537
MonoBehaviour:
  m_ObjectHideFlags: 0
  m_CorrespondingSourceObject: {fileID: 0}
  m_PrefabInstance: {fileID: 0}
  m_PrefabAsset: {fileID: 0}
  m_GameObject: {fileID: 4551266159474385243}
  m_Enabled: 1
  m_EditorHideFlags: 0
  m_Script: {fileID: 11500000, guid: fe87c0e1cc204ed48ad3b37840f39efc, type: 3}
  m_Name: 
  m_EditorClassIdentifier: 
  m_Material: {fileID: 0}
  m_Color: {r: 0, g: 0, b: 0, a: 1}
  m_RaycastTarget: 1
  m_Maskable: 1
  m_OnCullStateChanged:
    m_PersistentCalls:
      m_Calls: []
  m_Sprite: {fileID: 21300000, guid: ca7aa7612f6885f4d8948062b418c0f7, type: 3}
  m_Type: 0
  m_PreserveAspect: 0
  m_FillCenter: 1
  m_FillMethod: 4
  m_FillAmount: 1
  m_FillClockwise: 1
  m_FillOrigin: 0
  m_UseSpriteMesh: 0
  m_PixelsPerUnitMultiplier: 1
--- !u!1 &8505659319464763723
GameObject:
  m_ObjectHideFlags: 0
  m_CorrespondingSourceObject: {fileID: 0}
  m_PrefabInstance: {fileID: 0}
  m_PrefabAsset: {fileID: 0}
  serializedVersion: 6
  m_Component:
  - component: {fileID: 8505659319464763720}
  - component: {fileID: 8505659319464763726}
  - component: {fileID: 8505659319464763721}
  m_Layer: 5
  m_Name: Results Screen
  m_TagString: Untagged
  m_Icon: {fileID: 0}
  m_NavMeshLayer: 0
  m_StaticEditorFlags: 0
  m_IsActive: 1
--- !u!224 &8505659319464763720
RectTransform:
  m_ObjectHideFlags: 0
  m_CorrespondingSourceObject: {fileID: 0}
  m_PrefabInstance: {fileID: 0}
  m_PrefabAsset: {fileID: 0}
  m_GameObject: {fileID: 8505659319464763723}
  m_LocalRotation: {x: 0, y: 0, z: 0, w: 1}
  m_LocalPosition: {x: 0, y: 0, z: 0}
  m_LocalScale: {x: 1, y: 1, z: 1}
  m_Children:
  - {fileID: 1260134045703282809}
  - {fileID: 8505659319691817626}
  - {fileID: 8505659320910983546}
  - {fileID: 8505659321052134396}
  - {fileID: 2257771544213446217}
  - {fileID: 8505659321384351840}
  m_Father: {fileID: 0}
  m_RootOrder: 0
  m_LocalEulerAnglesHint: {x: 0, y: 0, z: 0}
  m_AnchorMin: {x: 0, y: 0}
  m_AnchorMax: {x: 1, y: 1}
  m_AnchoredPosition: {x: 930.8911, y: -254.25743}
  m_SizeDelta: {x: 0, y: 0}
  m_Pivot: {x: 0.5, y: 0.5}
--- !u!225 &8505659319464763726
CanvasGroup:
  m_ObjectHideFlags: 0
  m_CorrespondingSourceObject: {fileID: 0}
  m_PrefabInstance: {fileID: 0}
  m_PrefabAsset: {fileID: 0}
  m_GameObject: {fileID: 8505659319464763723}
  m_Enabled: 1
  m_Alpha: 1
  m_Interactable: 1
  m_BlocksRaycasts: 1
  m_IgnoreParentGroups: 0
--- !u!114 &8505659319464763721
MonoBehaviour:
  m_ObjectHideFlags: 0
  m_CorrespondingSourceObject: {fileID: 0}
  m_PrefabInstance: {fileID: 0}
  m_PrefabAsset: {fileID: 0}
  m_GameObject: {fileID: 8505659319464763723}
  m_Enabled: 1
  m_EditorHideFlags: 0
  m_Script: {fileID: 11500000, guid: c53a83e9cb3e1644cbc7c15d6f6742b3, type: 3}
  m_Name: 
  m_EditorClassIdentifier: 
  startVisible: 0
--- !u!1 &8505659319691808101
GameObject:
  m_ObjectHideFlags: 0
  m_CorrespondingSourceObject: {fileID: 0}
  m_PrefabInstance: {fileID: 0}
  m_PrefabAsset: {fileID: 0}
  serializedVersion: 6
  m_Component:
  - component: {fileID: 8505659319691817626}
  - component: {fileID: 8505659319691817624}
  - component: {fileID: 8505659319691817627}
  m_Layer: 5
  m_Name: Image
  m_TagString: Untagged
  m_Icon: {fileID: 0}
  m_NavMeshLayer: 0
  m_StaticEditorFlags: 0
  m_IsActive: 1
--- !u!224 &8505659319691817626
RectTransform:
  m_ObjectHideFlags: 0
  m_CorrespondingSourceObject: {fileID: 0}
  m_PrefabInstance: {fileID: 0}
  m_PrefabAsset: {fileID: 0}
  m_GameObject: {fileID: 8505659319691808101}
  m_LocalRotation: {x: 0, y: 0, z: 0, w: 1}
  m_LocalPosition: {x: 0, y: 0, z: 0}
  m_LocalScale: {x: 1, y: 1, z: 1}
  m_Children: []
  m_Father: {fileID: 8505659319464763720}
  m_RootOrder: 1
  m_LocalEulerAnglesHint: {x: 0, y: 0, z: 0}
  m_AnchorMin: {x: 0, y: 0}
  m_AnchorMax: {x: 1, y: 1}
  m_AnchoredPosition: {x: 0, y: 0}
  m_SizeDelta: {x: 308.77606, y: 0}
  m_Pivot: {x: 0.5, y: 0.5}
--- !u!222 &8505659319691817624
CanvasRenderer:
  m_ObjectHideFlags: 0
  m_CorrespondingSourceObject: {fileID: 0}
  m_PrefabInstance: {fileID: 0}
  m_PrefabAsset: {fileID: 0}
  m_GameObject: {fileID: 8505659319691808101}
  m_CullTransparentMesh: 0
--- !u!114 &8505659319691817627
MonoBehaviour:
  m_ObjectHideFlags: 0
  m_CorrespondingSourceObject: {fileID: 0}
  m_PrefabInstance: {fileID: 0}
  m_PrefabAsset: {fileID: 0}
  m_GameObject: {fileID: 8505659319691808101}
  m_Enabled: 1
  m_EditorHideFlags: 0
  m_Script: {fileID: 11500000, guid: fe87c0e1cc204ed48ad3b37840f39efc, type: 3}
  m_Name: 
  m_EditorClassIdentifier: 
  m_Material: {fileID: 0}
  m_Color: {r: 1, g: 1, b: 1, a: 1}
  m_RaycastTarget: 1
  m_Maskable: 1
  m_OnCullStateChanged:
    m_PersistentCalls:
      m_Calls: []
  m_Sprite: {fileID: 21300000, guid: 7c11a00f95712a94c86dc94680833166, type: 3}
  m_Type: 0
  m_PreserveAspect: 1
  m_FillCenter: 1
  m_FillMethod: 4
  m_FillAmount: 1
  m_FillClockwise: 1
  m_FillOrigin: 0
  m_UseSpriteMesh: 0
  m_PixelsPerUnitMultiplier: 1
--- !u!1 &8505659320339557867
GameObject:
  m_ObjectHideFlags: 0
  m_CorrespondingSourceObject: {fileID: 0}
  m_PrefabInstance: {fileID: 0}
  m_PrefabAsset: {fileID: 0}
  serializedVersion: 6
  m_Component:
  - component: {fileID: 8505659320339557864}
  - component: {fileID: 8505659320339557871}
  - component: {fileID: 8505659320339557870}
  - component: {fileID: 8505659320339557865}
  m_Layer: 5
  m_Name: Text (TMP)
  m_TagString: Untagged
  m_Icon: {fileID: 0}
  m_NavMeshLayer: 0
  m_StaticEditorFlags: 0
  m_IsActive: 1
--- !u!224 &8505659320339557864
RectTransform:
  m_ObjectHideFlags: 0
  m_CorrespondingSourceObject: {fileID: 0}
  m_PrefabInstance: {fileID: 0}
  m_PrefabAsset: {fileID: 0}
  m_GameObject: {fileID: 8505659320339557867}
  m_LocalRotation: {x: 0, y: 0, z: 0, w: 1}
  m_LocalPosition: {x: 0, y: 0, z: 0}
  m_LocalScale: {x: 1, y: 1, z: 1}
  m_Children: []
  m_Father: {fileID: 8505659321384351840}
  m_RootOrder: 0
  m_LocalEulerAnglesHint: {x: 0, y: 0, z: 0}
  m_AnchorMin: {x: 0, y: 0}
  m_AnchorMax: {x: 1, y: 1}
  m_AnchoredPosition: {x: 0, y: 0}
  m_SizeDelta: {x: 0, y: 0}
  m_Pivot: {x: 0.5, y: 0.5}
--- !u!222 &8505659320339557871
CanvasRenderer:
  m_ObjectHideFlags: 0
  m_CorrespondingSourceObject: {fileID: 0}
  m_PrefabInstance: {fileID: 0}
  m_PrefabAsset: {fileID: 0}
  m_GameObject: {fileID: 8505659320339557867}
  m_CullTransparentMesh: 0
--- !u!114 &8505659320339557870
MonoBehaviour:
  m_ObjectHideFlags: 0
  m_CorrespondingSourceObject: {fileID: 0}
  m_PrefabInstance: {fileID: 0}
  m_PrefabAsset: {fileID: 0}
  m_GameObject: {fileID: 8505659320339557867}
  m_Enabled: 1
  m_EditorHideFlags: 0
  m_Script: {fileID: 11500000, guid: f4688fdb7df04437aeb418b961361dc5, type: 3}
  m_Name: 
  m_EditorClassIdentifier: 
  m_Material: {fileID: 0}
  m_Color: {r: 1, g: 1, b: 1, a: 1}
  m_RaycastTarget: 1
  m_Maskable: 1
  m_OnCullStateChanged:
    m_PersistentCalls:
      m_Calls: []
  m_text: main menu
  m_isRightToLeft: 0
  m_fontAsset: {fileID: 11400000, guid: 67b7aee63658bad4c8cd9ef7f22bdef5, type: 2}
  m_sharedMaterial: {fileID: 1652471621808623072, guid: 67b7aee63658bad4c8cd9ef7f22bdef5,
    type: 2}
  m_fontSharedMaterials: []
  m_fontMaterial: {fileID: 0}
  m_fontMaterials: []
  m_fontColor32:
    serializedVersion: 2
    rgba: 4294967295
  m_fontColor: {r: 1, g: 1, b: 1, a: 1}
  m_enableVertexGradient: 1
  m_colorMode: 2
  m_fontColorGradient:
    topLeft: {r: 1, g: 1, b: 1, a: 1}
    topRight: {r: 1, g: 1, b: 1, a: 1}
    bottomLeft: {r: 0.509434, g: 0.509434, b: 0.509434, a: 1}
    bottomRight: {r: 0.509434, g: 0.509434, b: 0.509434, a: 1}
  m_fontColorGradientPreset: {fileID: 0}
  m_spriteAsset: {fileID: 0}
  m_tintAllSprites: 0
  m_StyleSheet: {fileID: 0}
  m_TextStyleHashCode: -1183493901
  m_overrideHtmlColors: 0
  m_faceColor:
    serializedVersion: 2
    rgba: 4294967295
  m_fontSize: 30
  m_fontSizeBase: 30
  m_fontWeight: 400
  m_enableAutoSizing: 0
  m_fontSizeMin: 18
  m_fontSizeMax: 72
  m_fontStyle: 16
  m_HorizontalAlignment: 2
  m_VerticalAlignment: 512
  m_textAlignment: 65535
  m_characterSpacing: 0
  m_wordSpacing: 0
  m_lineSpacing: 0
  m_lineSpacingMax: 0
  m_paragraphSpacing: 0
  m_charWidthMaxAdj: 0
  m_enableWordWrapping: 1
  m_wordWrappingRatios: 0.4
  m_overflowMode: 0
  m_linkedTextComponent: {fileID: 0}
  parentLinkedComponent: {fileID: 0}
  m_enableKerning: 1
  m_enableExtraPadding: 0
  checkPaddingRequired: 0
  m_isRichText: 1
  m_parseCtrlCharacters: 1
  m_isOrthographic: 1
  m_isCullingEnabled: 0
  m_horizontalMapping: 0
  m_verticalMapping: 0
  m_uvLineOffset: 0
  m_geometrySortingOrder: 0
  m_IsTextObjectScaleStatic: 0
  m_VertexBufferAutoSizeReduction: 1
  m_useMaxVisibleDescender: 1
  m_pageToDisplay: 1
  m_margin: {x: 0, y: 0, z: 0, w: 0}
  m_isUsingLegacyAnimationComponent: 0
  m_isVolumetricText: 0
  m_hasFontAssetChanged: 0
  m_baseMaterial: {fileID: 0}
  m_maskOffset: {x: 0, y: 0, z: 0, w: 0}
--- !u!114 &8505659320339557865
MonoBehaviour:
  m_ObjectHideFlags: 0
  m_CorrespondingSourceObject: {fileID: 0}
  m_PrefabInstance: {fileID: 0}
  m_PrefabAsset: {fileID: 0}
  m_GameObject: {fileID: 8505659320339557867}
  m_Enabled: 1
  m_EditorHideFlags: 0
  m_Script: {fileID: 11500000, guid: 4e29b1a8efbd4b44bb3f3716e73f07ff, type: 3}
  m_Name: 
  m_EditorClassIdentifier: 
  m_Navigation:
    m_Mode: 3
    m_SelectOnUp: {fileID: 0}
    m_SelectOnDown: {fileID: 0}
    m_SelectOnLeft: {fileID: 0}
    m_SelectOnRight: {fileID: 0}
  m_Transition: 1
  m_Colors:
    m_NormalColor: {r: 1, g: 1, b: 1, a: 1}
    m_HighlightedColor: {r: 1, g: 0.07585368, b: 0, a: 1}
    m_PressedColor: {r: 0.6603774, g: 0.15263441, b: 0.15263441, a: 1}
    m_SelectedColor: {r: 1, g: 0.07450981, b: 0, a: 1}
    m_DisabledColor: {r: 0.78431374, g: 0.78431374, b: 0.78431374, a: 0.5019608}
    m_ColorMultiplier: 1
    m_FadeDuration: 0.1
  m_SpriteState:
    m_HighlightedSprite: {fileID: 0}
    m_PressedSprite: {fileID: 0}
    m_SelectedSprite: {fileID: 0}
    m_DisabledSprite: {fileID: 0}
  m_AnimationTriggers:
    m_NormalTrigger: Normal
    m_HighlightedTrigger: Highlighted
    m_PressedTrigger: Pressed
    m_SelectedTrigger: Selected
    m_DisabledTrigger: Disabled
  m_Interactable: 1
  m_TargetGraphic: {fileID: 8505659320339557870}
  m_OnClick:
    m_PersistentCalls:
      m_Calls:
      - m_Target: {fileID: 8505659319464763721}
        m_MethodName: MainMenu
        m_Mode: 1
        m_Arguments:
          m_ObjectArgument: {fileID: 0}
          m_ObjectArgumentAssemblyTypeName: UnityEngine.Object, UnityEngine
          m_IntArgument: 0
          m_FloatArgument: 0
          m_StringArgument: 
          m_BoolArgument: 1
        m_CallState: 2
--- !u!1 &8505659320910983493
GameObject:
  m_ObjectHideFlags: 0
  m_CorrespondingSourceObject: {fileID: 0}
  m_PrefabInstance: {fileID: 0}
  m_PrefabAsset: {fileID: 0}
  serializedVersion: 6
  m_Component:
  - component: {fileID: 8505659320910983546}
  - component: {fileID: 8505659320910983544}
  - component: {fileID: 8505659320910983547}
  m_Layer: 5
  m_Name: Text (TMP)
  m_TagString: Untagged
  m_Icon: {fileID: 0}
  m_NavMeshLayer: 0
  m_StaticEditorFlags: 0
  m_IsActive: 1
--- !u!224 &8505659320910983546
RectTransform:
  m_ObjectHideFlags: 0
  m_CorrespondingSourceObject: {fileID: 0}
  m_PrefabInstance: {fileID: 0}
  m_PrefabAsset: {fileID: 0}
  m_GameObject: {fileID: 8505659320910983493}
  m_LocalRotation: {x: 0, y: 0, z: 0, w: 1}
  m_LocalPosition: {x: 0, y: 0, z: 0}
  m_LocalScale: {x: 1, y: 1, z: 1}
  m_Children: []
  m_Father: {fileID: 8505659319464763720}
  m_RootOrder: 2
  m_LocalEulerAnglesHint: {x: 0, y: 0, z: 0}
  m_AnchorMin: {x: 0, y: 1}
  m_AnchorMax: {x: 1, y: 1}
  m_AnchoredPosition: {x: 0, y: 0}
  m_SizeDelta: {x: 0, y: 100.78311}
  m_Pivot: {x: 0.5, y: 1}
--- !u!222 &8505659320910983544
CanvasRenderer:
  m_ObjectHideFlags: 0
  m_CorrespondingSourceObject: {fileID: 0}
  m_PrefabInstance: {fileID: 0}
  m_PrefabAsset: {fileID: 0}
  m_GameObject: {fileID: 8505659320910983493}
  m_CullTransparentMesh: 0
--- !u!114 &8505659320910983547
MonoBehaviour:
  m_ObjectHideFlags: 0
  m_CorrespondingSourceObject: {fileID: 0}
  m_PrefabInstance: {fileID: 0}
  m_PrefabAsset: {fileID: 0}
  m_GameObject: {fileID: 8505659320910983493}
  m_Enabled: 1
  m_EditorHideFlags: 0
  m_Script: {fileID: 11500000, guid: f4688fdb7df04437aeb418b961361dc5, type: 3}
  m_Name: 
  m_EditorClassIdentifier: 
  m_Material: {fileID: 0}
  m_Color: {r: 1, g: 1, b: 1, a: 1}
  m_RaycastTarget: 1
  m_Maskable: 1
  m_OnCullStateChanged:
    m_PersistentCalls:
      m_Calls: []
  m_text: mission results
  m_isRightToLeft: 0
  m_fontAsset: {fileID: 11400000, guid: 67b7aee63658bad4c8cd9ef7f22bdef5, type: 2}
  m_sharedMaterial: {fileID: 1652471621808623072, guid: 67b7aee63658bad4c8cd9ef7f22bdef5,
    type: 2}
  m_fontSharedMaterials: []
  m_fontMaterial: {fileID: 0}
  m_fontMaterials: []
  m_fontColor32:
    serializedVersion: 2
    rgba: 4278255613
  m_fontColor: {r: 0.99034953, g: 1, b: 0, a: 1}
  m_enableVertexGradient: 1
  m_colorMode: 2
  m_fontColorGradient:
    topLeft: {r: 1, g: 1, b: 1, a: 1}
    topRight: {r: 1, g: 1, b: 1, a: 1}
    bottomLeft: {r: 0.49056602, g: 0.49056602, b: 0.49056602, a: 1}
    bottomRight: {r: 0.49056602, g: 0.49056602, b: 0.49056602, a: 1}
  m_fontColorGradientPreset: {fileID: 0}
  m_spriteAsset: {fileID: 0}
  m_tintAllSprites: 0
  m_StyleSheet: {fileID: 0}
  m_TextStyleHashCode: -1183493901
  m_overrideHtmlColors: 0
  m_faceColor:
    serializedVersion: 2
    rgba: 4294967295
  m_fontSize: 75
  m_fontSizeBase: 75
  m_fontWeight: 400
  m_enableAutoSizing: 0
  m_fontSizeMin: 18
  m_fontSizeMax: 72
  m_fontStyle: 16
  m_HorizontalAlignment: 2
  m_VerticalAlignment: 1024
  m_textAlignment: 65535
  m_characterSpacing: 0
  m_wordSpacing: 0
  m_lineSpacing: 0
  m_lineSpacingMax: 0
  m_paragraphSpacing: 0
  m_charWidthMaxAdj: 0
  m_enableWordWrapping: 1
  m_wordWrappingRatios: 0.4
  m_overflowMode: 0
  m_linkedTextComponent: {fileID: 0}
  parentLinkedComponent: {fileID: 0}
  m_enableKerning: 1
  m_enableExtraPadding: 0
  checkPaddingRequired: 0
  m_isRichText: 1
  m_parseCtrlCharacters: 1
  m_isOrthographic: 1
  m_isCullingEnabled: 0
  m_horizontalMapping: 0
  m_verticalMapping: 0
  m_uvLineOffset: 0
  m_geometrySortingOrder: 0
  m_IsTextObjectScaleStatic: 0
  m_VertexBufferAutoSizeReduction: 1
  m_useMaxVisibleDescender: 1
  m_pageToDisplay: 1
  m_margin: {x: 0, y: 0, z: 0, w: 0}
  m_isUsingLegacyAnimationComponent: 0
  m_isVolumetricText: 0
  m_hasFontAssetChanged: 0
  m_baseMaterial: {fileID: 0}
  m_maskOffset: {x: 0, y: 0, z: 0, w: 0}
--- !u!1 &8505659321052134399
GameObject:
  m_ObjectHideFlags: 0
  m_CorrespondingSourceObject: {fileID: 0}
  m_PrefabInstance: {fileID: 0}
  m_PrefabAsset: {fileID: 0}
  serializedVersion: 6
  m_Component:
  - component: {fileID: 8505659321052134396}
  - component: {fileID: 8505659321052134397}
  m_Layer: 5
  m_Name: Root
  m_TagString: Untagged
  m_Icon: {fileID: 0}
  m_NavMeshLayer: 0
  m_StaticEditorFlags: 0
  m_IsActive: 1
--- !u!224 &8505659321052134396
RectTransform:
  m_ObjectHideFlags: 0
  m_CorrespondingSourceObject: {fileID: 0}
  m_PrefabInstance: {fileID: 0}
  m_PrefabAsset: {fileID: 0}
  m_GameObject: {fileID: 8505659321052134399}
  m_LocalRotation: {x: 0, y: 0, z: 0, w: 1}
  m_LocalPosition: {x: 0, y: 0, z: 0}
  m_LocalScale: {x: 1, y: 1, z: 1}
  m_Children:
  - {fileID: 8505659319430899667}
  - {fileID: 1505572678980401448}
  - {fileID: 1505572678844571023}
  - {fileID: 1505572677667231612}
  - {fileID: 1505572677297408216}
  m_Father: {fileID: 8505659319464763720}
  m_RootOrder: 3
  m_LocalEulerAnglesHint: {x: 0, y: 0, z: 0}
  m_AnchorMin: {x: 0, y: 0}
  m_AnchorMax: {x: 1, y: 1}
  m_AnchoredPosition: {x: 0, y: -20}
  m_SizeDelta: {x: -120, y: -200}
  m_Pivot: {x: 0.5, y: 0.5}
--- !u!114 &8505659321052134397
MonoBehaviour:
  m_ObjectHideFlags: 0
  m_CorrespondingSourceObject: {fileID: 0}
  m_PrefabInstance: {fileID: 0}
  m_PrefabAsset: {fileID: 0}
  m_GameObject: {fileID: 8505659321052134399}
  m_Enabled: 1
  m_EditorHideFlags: 0
  m_Script: {fileID: 11500000, guid: 59f8146938fff824cb5fd77236b75775, type: 3}
  m_Name: 
  m_EditorClassIdentifier: 
  m_Padding:
    m_Left: 0
    m_Right: 0
    m_Top: 0
    m_Bottom: 0
  m_ChildAlignment: 0
  m_Spacing: 0
  m_ChildForceExpandWidth: 1
  m_ChildForceExpandHeight: 1
  m_ChildControlWidth: 1
  m_ChildControlHeight: 1
  m_ChildScaleWidth: 0
  m_ChildScaleHeight: 0
--- !u!1 &8505659321384351843
GameObject:
  m_ObjectHideFlags: 0
  m_CorrespondingSourceObject: {fileID: 0}
  m_PrefabInstance: {fileID: 0}
  m_PrefabAsset: {fileID: 0}
  serializedVersion: 6
  m_Component:
  - component: {fileID: 8505659321384351840}
  - component: {fileID: 8505659321384351847}
  - component: {fileID: 8505659321384351846}
  - component: {fileID: 8505659321384351841}
  m_Layer: 5
  m_Name: Button (1)
  m_TagString: Untagged
  m_Icon: {fileID: 0}
  m_NavMeshLayer: 0
  m_StaticEditorFlags: 0
  m_IsActive: 1
--- !u!224 &8505659321384351840
RectTransform:
  m_ObjectHideFlags: 0
  m_CorrespondingSourceObject: {fileID: 0}
  m_PrefabInstance: {fileID: 0}
  m_PrefabAsset: {fileID: 0}
  m_GameObject: {fileID: 8505659321384351843}
  m_LocalRotation: {x: -0, y: -0, z: -0, w: 1}
  m_LocalPosition: {x: 0, y: 0, z: 0}
  m_LocalScale: {x: 1, y: 1, z: 1}
  m_Children:
  - {fileID: 8505659320339557864}
  m_Father: {fileID: 8505659319464763720}
  m_RootOrder: 5
  m_LocalEulerAnglesHint: {x: 0, y: 0, z: 0}
  m_AnchorMin: {x: 0.5, y: 0}
  m_AnchorMax: {x: 0.5, y: 0}
  m_AnchoredPosition: {x: -200.40607, y: 8}
  m_SizeDelta: {x: 171.42865, y: 40}
  m_Pivot: {x: 1, y: 0}
--- !u!222 &8505659321384351847
CanvasRenderer:
  m_ObjectHideFlags: 0
  m_CorrespondingSourceObject: {fileID: 0}
  m_PrefabInstance: {fileID: 0}
  m_PrefabAsset: {fileID: 0}
  m_GameObject: {fileID: 8505659321384351843}
  m_CullTransparentMesh: 0
--- !u!114 &8505659321384351846
MonoBehaviour:
  m_ObjectHideFlags: 0
  m_CorrespondingSourceObject: {fileID: 0}
  m_PrefabInstance: {fileID: 0}
  m_PrefabAsset: {fileID: 0}
  m_GameObject: {fileID: 8505659321384351843}
  m_Enabled: 1
  m_EditorHideFlags: 0
  m_Script: {fileID: 11500000, guid: fe87c0e1cc204ed48ad3b37840f39efc, type: 3}
  m_Name: 
  m_EditorClassIdentifier: 
  m_Material: {fileID: 0}
  m_Color: {r: 1, g: 1, b: 1, a: 0}
  m_RaycastTarget: 1
  m_Maskable: 1
  m_OnCullStateChanged:
    m_PersistentCalls:
      m_Calls: []
  m_Sprite: {fileID: 10905, guid: 0000000000000000f000000000000000, type: 0}
  m_Type: 1
  m_PreserveAspect: 0
  m_FillCenter: 1
  m_FillMethod: 4
  m_FillAmount: 1
  m_FillClockwise: 1
  m_FillOrigin: 0
  m_UseSpriteMesh: 0
  m_PixelsPerUnitMultiplier: 1
--- !u!114 &8505659321384351841
MonoBehaviour:
  m_ObjectHideFlags: 0
  m_CorrespondingSourceObject: {fileID: 0}
  m_PrefabInstance: {fileID: 0}
  m_PrefabAsset: {fileID: 0}
  m_GameObject: {fileID: 8505659321384351843}
  m_Enabled: 0
  m_EditorHideFlags: 0
  m_Script: {fileID: 11500000, guid: 4e29b1a8efbd4b44bb3f3716e73f07ff, type: 3}
  m_Name: 
  m_EditorClassIdentifier: 
  m_Navigation:
    m_Mode: 3
    m_SelectOnUp: {fileID: 0}
    m_SelectOnDown: {fileID: 0}
    m_SelectOnLeft: {fileID: 0}
    m_SelectOnRight: {fileID: 0}
  m_Transition: 1
  m_Colors:
    m_NormalColor: {r: 1, g: 1, b: 1, a: 1}
    m_HighlightedColor: {r: 1, g: 0.07585368, b: 0, a: 1}
    m_PressedColor: {r: 0.6603774, g: 0.15263441, b: 0.15263441, a: 1}
    m_SelectedColor: {r: 1, g: 0.07450981, b: 0, a: 1}
    m_DisabledColor: {r: 0.78431374, g: 0.78431374, b: 0.78431374, a: 0.5019608}
    m_ColorMultiplier: 1
    m_FadeDuration: 0.1
  m_SpriteState:
    m_HighlightedSprite: {fileID: 0}
    m_PressedSprite: {fileID: 0}
    m_SelectedSprite: {fileID: 0}
    m_DisabledSprite: {fileID: 0}
  m_AnimationTriggers:
    m_NormalTrigger: Normal
    m_HighlightedTrigger: Highlighted
    m_PressedTrigger: Pressed
    m_SelectedTrigger: Selected
    m_DisabledTrigger: Disabled
  m_Interactable: 1
  m_TargetGraphic: {fileID: 8505659321384351846}
  m_OnClick:
    m_PersistentCalls:
      m_Calls:
      - m_Target: {fileID: 0}
        m_MethodName: Quit
        m_Mode: 1
        m_Arguments:
          m_ObjectArgument: {fileID: 0}
          m_ObjectArgumentAssemblyTypeName: UnityEngine.Object, UnityEngine
          m_IntArgument: 0
          m_FloatArgument: 0
          m_StringArgument: 
          m_BoolArgument: 0
        m_CallState: 2
--- !u!1001 &1226267547
PrefabInstance:
  m_ObjectHideFlags: 0
  serializedVersion: 2
  m_Modification:
    m_TransformParent: {fileID: 8505659319464763720}
    m_Modifications:
    - target: {fileID: 2257771543021258192, guid: 1c58d9bc6d480ff4fb7fc8fa02f2eced,
        type: 3}
      propertyPath: OnPassed.m_PersistentCalls.m_Calls.Array.size
      value: 0
      objectReference: {fileID: 0}
    - target: {fileID: 2257771543021258193, guid: 1c58d9bc6d480ff4fb7fc8fa02f2eced,
        type: 3}
      propertyPath: m_Name
      value: DialogueHolder
      objectReference: {fileID: 0}
    - target: {fileID: 2257771543021258193, guid: 1c58d9bc6d480ff4fb7fc8fa02f2eced,
        type: 3}
      propertyPath: m_IsActive
      value: 1
      objectReference: {fileID: 0}
    - target: {fileID: 2257771543021258194, guid: 1c58d9bc6d480ff4fb7fc8fa02f2eced,
        type: 3}
      propertyPath: m_RootOrder
      value: 4
      objectReference: {fileID: 0}
    - target: {fileID: 2257771543021258194, guid: 1c58d9bc6d480ff4fb7fc8fa02f2eced,
        type: 3}
      propertyPath: m_LocalScale.x
      value: 1
      objectReference: {fileID: 0}
    - target: {fileID: 2257771543021258194, guid: 1c58d9bc6d480ff4fb7fc8fa02f2eced,
        type: 3}
      propertyPath: m_LocalScale.y
      value: 1
      objectReference: {fileID: 0}
    - target: {fileID: 2257771543021258194, guid: 1c58d9bc6d480ff4fb7fc8fa02f2eced,
        type: 3}
      propertyPath: m_LocalScale.z
      value: 1
      objectReference: {fileID: 0}
    - target: {fileID: 2257771543021258194, guid: 1c58d9bc6d480ff4fb7fc8fa02f2eced,
        type: 3}
      propertyPath: m_LocalPosition.x
      value: 0
      objectReference: {fileID: 0}
    - target: {fileID: 2257771543021258194, guid: 1c58d9bc6d480ff4fb7fc8fa02f2eced,
        type: 3}
      propertyPath: m_LocalPosition.y
      value: 0
      objectReference: {fileID: 0}
    - target: {fileID: 2257771543021258194, guid: 1c58d9bc6d480ff4fb7fc8fa02f2eced,
        type: 3}
      propertyPath: m_LocalPosition.z
      value: 0
      objectReference: {fileID: 0}
    - target: {fileID: 2257771543021258194, guid: 1c58d9bc6d480ff4fb7fc8fa02f2eced,
        type: 3}
      propertyPath: m_LocalRotation.w
      value: 1
      objectReference: {fileID: 0}
    - target: {fileID: 2257771543021258194, guid: 1c58d9bc6d480ff4fb7fc8fa02f2eced,
        type: 3}
      propertyPath: m_LocalRotation.x
      value: -0
      objectReference: {fileID: 0}
    - target: {fileID: 2257771543021258194, guid: 1c58d9bc6d480ff4fb7fc8fa02f2eced,
        type: 3}
      propertyPath: m_LocalRotation.y
      value: -0
      objectReference: {fileID: 0}
    - target: {fileID: 2257771543021258194, guid: 1c58d9bc6d480ff4fb7fc8fa02f2eced,
        type: 3}
      propertyPath: m_LocalRotation.z
      value: -0
      objectReference: {fileID: 0}
    - target: {fileID: 2257771543021258194, guid: 1c58d9bc6d480ff4fb7fc8fa02f2eced,
        type: 3}
      propertyPath: m_LocalEulerAnglesHint.x
      value: 0
      objectReference: {fileID: 0}
    - target: {fileID: 2257771543021258194, guid: 1c58d9bc6d480ff4fb7fc8fa02f2eced,
        type: 3}
      propertyPath: m_LocalEulerAnglesHint.y
      value: 0
      objectReference: {fileID: 0}
    - target: {fileID: 2257771543021258194, guid: 1c58d9bc6d480ff4fb7fc8fa02f2eced,
        type: 3}
      propertyPath: m_LocalEulerAnglesHint.z
      value: 0
      objectReference: {fileID: 0}
    - target: {fileID: 2257771543021258195, guid: 1c58d9bc6d480ff4fb7fc8fa02f2eced,
        type: 3}
      propertyPath: m_Enabled
      value: 0
      objectReference: {fileID: 0}
    - target: {fileID: 2257771543266152534, guid: 1c58d9bc6d480ff4fb7fc8fa02f2eced,
        type: 3}
      propertyPath: m_IsActive
      value: 0
      objectReference: {fileID: 0}
    - target: {fileID: 2257771543266152536, guid: 1c58d9bc6d480ff4fb7fc8fa02f2eced,
        type: 3}
      propertyPath: m_Text
      value: 
      objectReference: {fileID: 0}
    - target: {fileID: 2257771544116163710, guid: 1c58d9bc6d480ff4fb7fc8fa02f2eced,
        type: 3}
      propertyPath: m_Pivot.x
      value: 0.5
      objectReference: {fileID: 0}
    - target: {fileID: 2257771544116163710, guid: 1c58d9bc6d480ff4fb7fc8fa02f2eced,
        type: 3}
      propertyPath: m_Pivot.y
      value: 0.5
      objectReference: {fileID: 0}
    - target: {fileID: 2257771544116163710, guid: 1c58d9bc6d480ff4fb7fc8fa02f2eced,
        type: 3}
      propertyPath: m_SizeDelta.x
      value: 598.66797
      objectReference: {fileID: 0}
    - target: {fileID: 2257771544116163710, guid: 1c58d9bc6d480ff4fb7fc8fa02f2eced,
        type: 3}
      propertyPath: m_SizeDelta.y
      value: 480
      objectReference: {fileID: 0}
    - target: {fileID: 2257771544116163710, guid: 1c58d9bc6d480ff4fb7fc8fa02f2eced,
        type: 3}
      propertyPath: m_LocalScale.x
      value: 1.25
      objectReference: {fileID: 0}
    - target: {fileID: 2257771544116163710, guid: 1c58d9bc6d480ff4fb7fc8fa02f2eced,
        type: 3}
      propertyPath: m_LocalScale.y
      value: 1.25
      objectReference: {fileID: 0}
    - target: {fileID: 2257771544116163710, guid: 1c58d9bc6d480ff4fb7fc8fa02f2eced,
        type: 3}
      propertyPath: m_LocalScale.z
      value: 1.25
      objectReference: {fileID: 0}
    - target: {fileID: 2257771544116163710, guid: 1c58d9bc6d480ff4fb7fc8fa02f2eced,
        type: 3}
      propertyPath: m_LocalRotation.x
      value: -0
      objectReference: {fileID: 0}
    - target: {fileID: 2257771544116163710, guid: 1c58d9bc6d480ff4fb7fc8fa02f2eced,
        type: 3}
      propertyPath: m_LocalRotation.y
      value: -0
      objectReference: {fileID: 0}
    - target: {fileID: 2257771544116163710, guid: 1c58d9bc6d480ff4fb7fc8fa02f2eced,
        type: 3}
      propertyPath: m_LocalRotation.z
      value: -0
      objectReference: {fileID: 0}
    - target: {fileID: 2257771544116163710, guid: 1c58d9bc6d480ff4fb7fc8fa02f2eced,
        type: 3}
      propertyPath: m_AnchoredPosition.x
      value: 0.2
      objectReference: {fileID: 0}
    - target: {fileID: 2257771544116163710, guid: 1c58d9bc6d480ff4fb7fc8fa02f2eced,
        type: 3}
      propertyPath: m_AnchoredPosition.y
      value: -3
      objectReference: {fileID: 0}
    - target: {fileID: 2257771544621212000, guid: 1c58d9bc6d480ff4fb7fc8fa02f2eced,
        type: 3}
      propertyPath: m_IsActive
      value: 1
      objectReference: {fileID: 0}
    - target: {fileID: 2257771544621212002, guid: 1c58d9bc6d480ff4fb7fc8fa02f2eced,
        type: 3}
      propertyPath: m_Color.b
      value: 1
      objectReference: {fileID: 0}
    - target: {fileID: 2257771544621212002, guid: 1c58d9bc6d480ff4fb7fc8fa02f2eced,
        type: 3}
      propertyPath: m_Color.g
      value: 1
      objectReference: {fileID: 0}
    - target: {fileID: 2257771544621212002, guid: 1c58d9bc6d480ff4fb7fc8fa02f2eced,
        type: 3}
      propertyPath: m_Color.r
      value: 1
      objectReference: {fileID: 0}
    - target: {fileID: 2257771544621212004, guid: 1c58d9bc6d480ff4fb7fc8fa02f2eced,
        type: 3}
      propertyPath: m_Pivot.x
      value: 0.5000001
      objectReference: {fileID: 0}
    - target: {fileID: 2257771544621212004, guid: 1c58d9bc6d480ff4fb7fc8fa02f2eced,
        type: 3}
      propertyPath: m_Pivot.y
      value: 0.49999982
      objectReference: {fileID: 0}
    - target: {fileID: 2257771544621212004, guid: 1c58d9bc6d480ff4fb7fc8fa02f2eced,
        type: 3}
      propertyPath: m_LocalRotation.w
      value: 0.7071068
      objectReference: {fileID: 0}
    - target: {fileID: 2257771544621212004, guid: 1c58d9bc6d480ff4fb7fc8fa02f2eced,
        type: 3}
      propertyPath: m_LocalRotation.z
      value: -0.7071068
      objectReference: {fileID: 0}
    - target: {fileID: 2257771544621212004, guid: 1c58d9bc6d480ff4fb7fc8fa02f2eced,
        type: 3}
      propertyPath: m_AnchoredPosition.x
      value: -144.9
      objectReference: {fileID: 0}
    - target: {fileID: 2257771544621212004, guid: 1c58d9bc6d480ff4fb7fc8fa02f2eced,
        type: 3}
      propertyPath: m_AnchoredPosition.y
      value: 1.9
      objectReference: {fileID: 0}
    - target: {fileID: 2257771544621212004, guid: 1c58d9bc6d480ff4fb7fc8fa02f2eced,
        type: 3}
      propertyPath: m_LocalEulerAnglesHint.z
      value: -90
      objectReference: {fileID: 0}
    m_RemovedComponents: []
  m_SourcePrefab: {fileID: 100100000, guid: 1c58d9bc6d480ff4fb7fc8fa02f2eced, type: 3}
--- !u!4 &2257771544213446217 stripped
Transform:
  m_CorrespondingSourceObject: {fileID: 2257771543021258194, guid: 1c58d9bc6d480ff4fb7fc8fa02f2eced,
    type: 3}
  m_PrefabInstance: {fileID: 1226267547}
  m_PrefabAsset: {fileID: 0}
--- !u!1001 &1505572678593071041
PrefabInstance:
  m_ObjectHideFlags: 0
  serializedVersion: 2
  m_Modification:
    m_TransformParent: {fileID: 8505659321052134396}
    m_Modifications:
    - target: {fileID: 7128901658379187807, guid: 0ae78a69ad47c674faef910f430cc488,
        type: 3}
      propertyPath: m_fontAsset
      value: 
      objectReference: {fileID: 11400000, guid: 67b7aee63658bad4c8cd9ef7f22bdef5,
        type: 2}
    - target: {fileID: 7128901658379187807, guid: 0ae78a69ad47c674faef910f430cc488,
        type: 3}
      propertyPath: m_sharedMaterial
      value: 
      objectReference: {fileID: 1652471621808623072, guid: 67b7aee63658bad4c8cd9ef7f22bdef5,
        type: 2}
    - target: {fileID: 7128901659148263440, guid: 0ae78a69ad47c674faef910f430cc488,
        type: 3}
      propertyPath: key
      value: time
      objectReference: {fileID: 0}
    - target: {fileID: 7128901659148263440, guid: 0ae78a69ad47c674faef910f430cc488,
        type: 3}
      propertyPath: isTime
      value: 1
      objectReference: {fileID: 0}
    - target: {fileID: 7128901659148263440, guid: 0ae78a69ad47c674faef910f430cc488,
        type: 3}
      propertyPath: titleText
      value: Time
      objectReference: {fileID: 0}
    - target: {fileID: 7128901659148263442, guid: 0ae78a69ad47c674faef910f430cc488,
        type: 3}
      propertyPath: m_Pivot.x
      value: 0
      objectReference: {fileID: 0}
    - target: {fileID: 7128901659148263442, guid: 0ae78a69ad47c674faef910f430cc488,
        type: 3}
      propertyPath: m_Pivot.y
      value: 1
      objectReference: {fileID: 0}
    - target: {fileID: 7128901659148263442, guid: 0ae78a69ad47c674faef910f430cc488,
        type: 3}
      propertyPath: m_RootOrder
      value: 0
      objectReference: {fileID: 0}
    - target: {fileID: 7128901659148263442, guid: 0ae78a69ad47c674faef910f430cc488,
        type: 3}
      propertyPath: m_AnchorMax.x
      value: 0
      objectReference: {fileID: 0}
    - target: {fileID: 7128901659148263442, guid: 0ae78a69ad47c674faef910f430cc488,
        type: 3}
      propertyPath: m_AnchorMax.y
      value: 0
      objectReference: {fileID: 0}
    - target: {fileID: 7128901659148263442, guid: 0ae78a69ad47c674faef910f430cc488,
        type: 3}
      propertyPath: m_AnchorMin.x
      value: 0
      objectReference: {fileID: 0}
    - target: {fileID: 7128901659148263442, guid: 0ae78a69ad47c674faef910f430cc488,
        type: 3}
      propertyPath: m_AnchorMin.y
      value: 0
      objectReference: {fileID: 0}
    - target: {fileID: 7128901659148263442, guid: 0ae78a69ad47c674faef910f430cc488,
        type: 3}
      propertyPath: m_SizeDelta.x
      value: 0
      objectReference: {fileID: 0}
    - target: {fileID: 7128901659148263442, guid: 0ae78a69ad47c674faef910f430cc488,
        type: 3}
      propertyPath: m_SizeDelta.y
      value: 0
      objectReference: {fileID: 0}
    - target: {fileID: 7128901659148263442, guid: 0ae78a69ad47c674faef910f430cc488,
        type: 3}
      propertyPath: m_LocalPosition.x
      value: 0
      objectReference: {fileID: 0}
    - target: {fileID: 7128901659148263442, guid: 0ae78a69ad47c674faef910f430cc488,
        type: 3}
      propertyPath: m_LocalPosition.y
      value: 0
      objectReference: {fileID: 0}
    - target: {fileID: 7128901659148263442, guid: 0ae78a69ad47c674faef910f430cc488,
        type: 3}
      propertyPath: m_LocalPosition.z
      value: 0
      objectReference: {fileID: 0}
    - target: {fileID: 7128901659148263442, guid: 0ae78a69ad47c674faef910f430cc488,
        type: 3}
      propertyPath: m_LocalRotation.w
      value: 1
      objectReference: {fileID: 0}
    - target: {fileID: 7128901659148263442, guid: 0ae78a69ad47c674faef910f430cc488,
        type: 3}
      propertyPath: m_LocalRotation.x
      value: -0
      objectReference: {fileID: 0}
    - target: {fileID: 7128901659148263442, guid: 0ae78a69ad47c674faef910f430cc488,
        type: 3}
      propertyPath: m_LocalRotation.y
      value: -0
      objectReference: {fileID: 0}
    - target: {fileID: 7128901659148263442, guid: 0ae78a69ad47c674faef910f430cc488,
        type: 3}
      propertyPath: m_LocalRotation.z
      value: -0
      objectReference: {fileID: 0}
    - target: {fileID: 7128901659148263442, guid: 0ae78a69ad47c674faef910f430cc488,
        type: 3}
      propertyPath: m_AnchoredPosition.x
      value: 0
      objectReference: {fileID: 0}
    - target: {fileID: 7128901659148263442, guid: 0ae78a69ad47c674faef910f430cc488,
        type: 3}
      propertyPath: m_AnchoredPosition.y
      value: 0
      objectReference: {fileID: 0}
    - target: {fileID: 7128901659148263442, guid: 0ae78a69ad47c674faef910f430cc488,
        type: 3}
      propertyPath: m_LocalEulerAnglesHint.x
      value: 0
      objectReference: {fileID: 0}
    - target: {fileID: 7128901659148263442, guid: 0ae78a69ad47c674faef910f430cc488,
        type: 3}
      propertyPath: m_LocalEulerAnglesHint.y
      value: 0
      objectReference: {fileID: 0}
    - target: {fileID: 7128901659148263442, guid: 0ae78a69ad47c674faef910f430cc488,
        type: 3}
      propertyPath: m_LocalEulerAnglesHint.z
      value: 0
      objectReference: {fileID: 0}
    - target: {fileID: 7128901659148263443, guid: 0ae78a69ad47c674faef910f430cc488,
        type: 3}
      propertyPath: m_Name
      value: Result UI
      objectReference: {fileID: 0}
    - target: {fileID: 7128901659500642360, guid: 0ae78a69ad47c674faef910f430cc488,
        type: 3}
      propertyPath: m_fontAsset
      value: 
      objectReference: {fileID: 11400000, guid: 67b7aee63658bad4c8cd9ef7f22bdef5,
        type: 2}
    - target: {fileID: 7128901659500642360, guid: 0ae78a69ad47c674faef910f430cc488,
        type: 3}
      propertyPath: m_fontColor.b
      value: 0.10111046
      objectReference: {fileID: 0}
    - target: {fileID: 7128901659500642360, guid: 0ae78a69ad47c674faef910f430cc488,
        type: 3}
      propertyPath: m_fontColor.g
      value: 0
      objectReference: {fileID: 0}
    - target: {fileID: 7128901659500642360, guid: 0ae78a69ad47c674faef910f430cc488,
        type: 3}
      propertyPath: m_sharedMaterial
      value: 
      objectReference: {fileID: 1652471621808623072, guid: 67b7aee63658bad4c8cd9ef7f22bdef5,
        type: 2}
    - target: {fileID: 7128901659500642360, guid: 0ae78a69ad47c674faef910f430cc488,
        type: 3}
      propertyPath: m_fontColor32.rgba
      value: 4279894271
      objectReference: {fileID: 0}
    m_RemovedComponents: []
  m_SourcePrefab: {fileID: 100100000, guid: 0ae78a69ad47c674faef910f430cc488, type: 3}
--- !u!224 &8505659319430899667 stripped
RectTransform:
  m_CorrespondingSourceObject: {fileID: 7128901659148263442, guid: 0ae78a69ad47c674faef910f430cc488,
    type: 3}
  m_PrefabInstance: {fileID: 1505572678593071041}
  m_PrefabAsset: {fileID: 0}
--- !u!1001 &8505659320083503418
PrefabInstance:
  m_ObjectHideFlags: 0
  serializedVersion: 2
  m_Modification:
    m_TransformParent: {fileID: 8505659321052134396}
    m_Modifications:
    - target: {fileID: 7128901658379187807, guid: 0ae78a69ad47c674faef910f430cc488,
        type: 3}
      propertyPath: m_fontAsset
      value: 
      objectReference: {fileID: 11400000, guid: 67b7aee63658bad4c8cd9ef7f22bdef5,
        type: 2}
    - target: {fileID: 7128901658379187807, guid: 0ae78a69ad47c674faef910f430cc488,
        type: 3}
      propertyPath: m_sharedMaterial
      value: 
      objectReference: {fileID: 1652471621808623072, guid: 67b7aee63658bad4c8cd9ef7f22bdef5,
        type: 2}
    - target: {fileID: 7128901659148263440, guid: 0ae78a69ad47c674faef910f430cc488,
        type: 3}
      propertyPath: key
      value: kills
      objectReference: {fileID: 0}
    - target: {fileID: 7128901659148263440, guid: 0ae78a69ad47c674faef910f430cc488,
        type: 3}
      propertyPath: titleText
      value: KIlls
      objectReference: {fileID: 0}
    - target: {fileID: 7128901659148263442, guid: 0ae78a69ad47c674faef910f430cc488,
        type: 3}
      propertyPath: m_Pivot.x
      value: 0
      objectReference: {fileID: 0}
    - target: {fileID: 7128901659148263442, guid: 0ae78a69ad47c674faef910f430cc488,
        type: 3}
      propertyPath: m_Pivot.y
      value: 1
      objectReference: {fileID: 0}
    - target: {fileID: 7128901659148263442, guid: 0ae78a69ad47c674faef910f430cc488,
        type: 3}
      propertyPath: m_RootOrder
      value: 1
      objectReference: {fileID: 0}
    - target: {fileID: 7128901659148263442, guid: 0ae78a69ad47c674faef910f430cc488,
        type: 3}
      propertyPath: m_AnchorMax.x
      value: 0
      objectReference: {fileID: 0}
    - target: {fileID: 7128901659148263442, guid: 0ae78a69ad47c674faef910f430cc488,
        type: 3}
      propertyPath: m_AnchorMax.y
      value: 0
      objectReference: {fileID: 0}
    - target: {fileID: 7128901659148263442, guid: 0ae78a69ad47c674faef910f430cc488,
        type: 3}
      propertyPath: m_AnchorMin.x
      value: 0
      objectReference: {fileID: 0}
    - target: {fileID: 7128901659148263442, guid: 0ae78a69ad47c674faef910f430cc488,
        type: 3}
      propertyPath: m_AnchorMin.y
      value: 0
      objectReference: {fileID: 0}
    - target: {fileID: 7128901659148263442, guid: 0ae78a69ad47c674faef910f430cc488,
        type: 3}
      propertyPath: m_SizeDelta.x
      value: 0
      objectReference: {fileID: 0}
    - target: {fileID: 7128901659148263442, guid: 0ae78a69ad47c674faef910f430cc488,
        type: 3}
      propertyPath: m_SizeDelta.y
      value: 0
      objectReference: {fileID: 0}
    - target: {fileID: 7128901659148263442, guid: 0ae78a69ad47c674faef910f430cc488,
        type: 3}
      propertyPath: m_LocalPosition.x
      value: 0
      objectReference: {fileID: 0}
    - target: {fileID: 7128901659148263442, guid: 0ae78a69ad47c674faef910f430cc488,
        type: 3}
      propertyPath: m_LocalPosition.y
      value: 0
      objectReference: {fileID: 0}
    - target: {fileID: 7128901659148263442, guid: 0ae78a69ad47c674faef910f430cc488,
        type: 3}
      propertyPath: m_LocalPosition.z
      value: 0
      objectReference: {fileID: 0}
    - target: {fileID: 7128901659148263442, guid: 0ae78a69ad47c674faef910f430cc488,
        type: 3}
      propertyPath: m_LocalRotation.w
      value: 1
      objectReference: {fileID: 0}
    - target: {fileID: 7128901659148263442, guid: 0ae78a69ad47c674faef910f430cc488,
        type: 3}
      propertyPath: m_LocalRotation.x
      value: -0
      objectReference: {fileID: 0}
    - target: {fileID: 7128901659148263442, guid: 0ae78a69ad47c674faef910f430cc488,
        type: 3}
      propertyPath: m_LocalRotation.y
      value: -0
      objectReference: {fileID: 0}
    - target: {fileID: 7128901659148263442, guid: 0ae78a69ad47c674faef910f430cc488,
        type: 3}
      propertyPath: m_LocalRotation.z
      value: -0
      objectReference: {fileID: 0}
    - target: {fileID: 7128901659148263442, guid: 0ae78a69ad47c674faef910f430cc488,
        type: 3}
      propertyPath: m_AnchoredPosition.x
      value: 0
      objectReference: {fileID: 0}
    - target: {fileID: 7128901659148263442, guid: 0ae78a69ad47c674faef910f430cc488,
        type: 3}
      propertyPath: m_AnchoredPosition.y
      value: 0
      objectReference: {fileID: 0}
    - target: {fileID: 7128901659148263442, guid: 0ae78a69ad47c674faef910f430cc488,
        type: 3}
      propertyPath: m_LocalEulerAnglesHint.x
      value: 0
      objectReference: {fileID: 0}
    - target: {fileID: 7128901659148263442, guid: 0ae78a69ad47c674faef910f430cc488,
        type: 3}
      propertyPath: m_LocalEulerAnglesHint.y
      value: 0
      objectReference: {fileID: 0}
    - target: {fileID: 7128901659148263442, guid: 0ae78a69ad47c674faef910f430cc488,
        type: 3}
      propertyPath: m_LocalEulerAnglesHint.z
      value: 0
      objectReference: {fileID: 0}
    - target: {fileID: 7128901659148263443, guid: 0ae78a69ad47c674faef910f430cc488,
        type: 3}
      propertyPath: m_Name
      value: Result UI (1)
      objectReference: {fileID: 0}
    - target: {fileID: 7128901659500642360, guid: 0ae78a69ad47c674faef910f430cc488,
        type: 3}
      propertyPath: m_fontAsset
      value: 
      objectReference: {fileID: 11400000, guid: 67b7aee63658bad4c8cd9ef7f22bdef5,
        type: 2}
    - target: {fileID: 7128901659500642360, guid: 0ae78a69ad47c674faef910f430cc488,
        type: 3}
      propertyPath: m_fontColor.b
      value: 0.10111046
      objectReference: {fileID: 0}
    - target: {fileID: 7128901659500642360, guid: 0ae78a69ad47c674faef910f430cc488,
        type: 3}
      propertyPath: m_fontColor.g
      value: 0
      objectReference: {fileID: 0}
    - target: {fileID: 7128901659500642360, guid: 0ae78a69ad47c674faef910f430cc488,
        type: 3}
      propertyPath: m_sharedMaterial
      value: 
      objectReference: {fileID: 1652471621808623072, guid: 67b7aee63658bad4c8cd9ef7f22bdef5,
        type: 2}
    - target: {fileID: 7128901659500642360, guid: 0ae78a69ad47c674faef910f430cc488,
        type: 3}
      propertyPath: m_fontColor32.rgba
      value: 4279894271
      objectReference: {fileID: 0}
    m_RemovedComponents: []
  m_SourcePrefab: {fileID: 100100000, guid: 0ae78a69ad47c674faef910f430cc488, type: 3}
--- !u!224 &1505572678980401448 stripped
RectTransform:
  m_CorrespondingSourceObject: {fileID: 7128901659148263442, guid: 0ae78a69ad47c674faef910f430cc488,
    type: 3}
  m_PrefabInstance: {fileID: 8505659320083503418}
  m_PrefabAsset: {fileID: 0}
--- !u!1001 &8505659320219336093
PrefabInstance:
  m_ObjectHideFlags: 0
  serializedVersion: 2
  m_Modification:
    m_TransformParent: {fileID: 8505659321052134396}
    m_Modifications:
    - target: {fileID: 7128901658379187807, guid: 0ae78a69ad47c674faef910f430cc488,
        type: 3}
      propertyPath: m_fontAsset
      value: 
      objectReference: {fileID: 11400000, guid: 67b7aee63658bad4c8cd9ef7f22bdef5,
        type: 2}
    - target: {fileID: 7128901658379187807, guid: 0ae78a69ad47c674faef910f430cc488,
        type: 3}
      propertyPath: m_sharedMaterial
      value: 
      objectReference: {fileID: 1652471621808623072, guid: 67b7aee63658bad4c8cd9ef7f22bdef5,
        type: 2}
    - target: {fileID: 7128901659148263440, guid: 0ae78a69ad47c674faef910f430cc488,
        type: 3}
      propertyPath: key
      value: items
      objectReference: {fileID: 0}
    - target: {fileID: 7128901659148263440, guid: 0ae78a69ad47c674faef910f430cc488,
        type: 3}
      propertyPath: titleText
      value: Items Gathered
      objectReference: {fileID: 0}
    - target: {fileID: 7128901659148263442, guid: 0ae78a69ad47c674faef910f430cc488,
        type: 3}
      propertyPath: m_Pivot.x
      value: 0
      objectReference: {fileID: 0}
    - target: {fileID: 7128901659148263442, guid: 0ae78a69ad47c674faef910f430cc488,
        type: 3}
      propertyPath: m_Pivot.y
      value: 1
      objectReference: {fileID: 0}
    - target: {fileID: 7128901659148263442, guid: 0ae78a69ad47c674faef910f430cc488,
        type: 3}
      propertyPath: m_RootOrder
      value: 2
      objectReference: {fileID: 0}
    - target: {fileID: 7128901659148263442, guid: 0ae78a69ad47c674faef910f430cc488,
        type: 3}
      propertyPath: m_AnchorMax.x
      value: 0
      objectReference: {fileID: 0}
    - target: {fileID: 7128901659148263442, guid: 0ae78a69ad47c674faef910f430cc488,
        type: 3}
      propertyPath: m_AnchorMax.y
      value: 0
      objectReference: {fileID: 0}
    - target: {fileID: 7128901659148263442, guid: 0ae78a69ad47c674faef910f430cc488,
        type: 3}
      propertyPath: m_AnchorMin.x
      value: 0
      objectReference: {fileID: 0}
    - target: {fileID: 7128901659148263442, guid: 0ae78a69ad47c674faef910f430cc488,
        type: 3}
      propertyPath: m_AnchorMin.y
      value: 0
      objectReference: {fileID: 0}
    - target: {fileID: 7128901659148263442, guid: 0ae78a69ad47c674faef910f430cc488,
        type: 3}
      propertyPath: m_SizeDelta.x
      value: 0
      objectReference: {fileID: 0}
    - target: {fileID: 7128901659148263442, guid: 0ae78a69ad47c674faef910f430cc488,
        type: 3}
      propertyPath: m_SizeDelta.y
      value: 0
      objectReference: {fileID: 0}
    - target: {fileID: 7128901659148263442, guid: 0ae78a69ad47c674faef910f430cc488,
        type: 3}
      propertyPath: m_LocalPosition.x
      value: 0
      objectReference: {fileID: 0}
    - target: {fileID: 7128901659148263442, guid: 0ae78a69ad47c674faef910f430cc488,
        type: 3}
      propertyPath: m_LocalPosition.y
      value: 0
      objectReference: {fileID: 0}
    - target: {fileID: 7128901659148263442, guid: 0ae78a69ad47c674faef910f430cc488,
        type: 3}
      propertyPath: m_LocalPosition.z
      value: 0
      objectReference: {fileID: 0}
    - target: {fileID: 7128901659148263442, guid: 0ae78a69ad47c674faef910f430cc488,
        type: 3}
      propertyPath: m_LocalRotation.w
      value: 1
      objectReference: {fileID: 0}
    - target: {fileID: 7128901659148263442, guid: 0ae78a69ad47c674faef910f430cc488,
        type: 3}
      propertyPath: m_LocalRotation.x
      value: -0
      objectReference: {fileID: 0}
    - target: {fileID: 7128901659148263442, guid: 0ae78a69ad47c674faef910f430cc488,
        type: 3}
      propertyPath: m_LocalRotation.y
      value: -0
      objectReference: {fileID: 0}
    - target: {fileID: 7128901659148263442, guid: 0ae78a69ad47c674faef910f430cc488,
        type: 3}
      propertyPath: m_LocalRotation.z
      value: -0
      objectReference: {fileID: 0}
    - target: {fileID: 7128901659148263442, guid: 0ae78a69ad47c674faef910f430cc488,
        type: 3}
      propertyPath: m_AnchoredPosition.x
      value: 0
      objectReference: {fileID: 0}
    - target: {fileID: 7128901659148263442, guid: 0ae78a69ad47c674faef910f430cc488,
        type: 3}
      propertyPath: m_AnchoredPosition.y
      value: 0
      objectReference: {fileID: 0}
    - target: {fileID: 7128901659148263442, guid: 0ae78a69ad47c674faef910f430cc488,
        type: 3}
      propertyPath: m_LocalEulerAnglesHint.x
      value: 0
      objectReference: {fileID: 0}
    - target: {fileID: 7128901659148263442, guid: 0ae78a69ad47c674faef910f430cc488,
        type: 3}
      propertyPath: m_LocalEulerAnglesHint.y
      value: 0
      objectReference: {fileID: 0}
    - target: {fileID: 7128901659148263442, guid: 0ae78a69ad47c674faef910f430cc488,
        type: 3}
      propertyPath: m_LocalEulerAnglesHint.z
      value: 0
      objectReference: {fileID: 0}
    - target: {fileID: 7128901659148263443, guid: 0ae78a69ad47c674faef910f430cc488,
        type: 3}
      propertyPath: m_Name
      value: Result UI (2)
      objectReference: {fileID: 0}
    - target: {fileID: 7128901659500642360, guid: 0ae78a69ad47c674faef910f430cc488,
        type: 3}
      propertyPath: m_fontAsset
      value: 
      objectReference: {fileID: 11400000, guid: 67b7aee63658bad4c8cd9ef7f22bdef5,
        type: 2}
    - target: {fileID: 7128901659500642360, guid: 0ae78a69ad47c674faef910f430cc488,
        type: 3}
      propertyPath: m_fontColor.b
      value: 0.10111046
      objectReference: {fileID: 0}
    - target: {fileID: 7128901659500642360, guid: 0ae78a69ad47c674faef910f430cc488,
        type: 3}
      propertyPath: m_fontColor.g
      value: 0
      objectReference: {fileID: 0}
    - target: {fileID: 7128901659500642360, guid: 0ae78a69ad47c674faef910f430cc488,
        type: 3}
      propertyPath: m_sharedMaterial
      value: 
      objectReference: {fileID: 1652471621808623072, guid: 67b7aee63658bad4c8cd9ef7f22bdef5,
        type: 2}
    - target: {fileID: 7128901659500642360, guid: 0ae78a69ad47c674faef910f430cc488,
        type: 3}
      propertyPath: m_fontColor32.rgba
      value: 4279894271
      objectReference: {fileID: 0}
    m_RemovedComponents: []
  m_SourcePrefab: {fileID: 100100000, guid: 0ae78a69ad47c674faef910f430cc488, type: 3}
--- !u!224 &1505572678844571023 stripped
RectTransform:
  m_CorrespondingSourceObject: {fileID: 7128901659148263442, guid: 0ae78a69ad47c674faef910f430cc488,
    type: 3}
  m_PrefabInstance: {fileID: 8505659320219336093}
  m_PrefabAsset: {fileID: 0}
--- !u!1001 &8505659320381880174
PrefabInstance:
  m_ObjectHideFlags: 0
  serializedVersion: 2
  m_Modification:
    m_TransformParent: {fileID: 8505659321052134396}
    m_Modifications:
    - target: {fileID: 7128901658379187807, guid: 0ae78a69ad47c674faef910f430cc488,
        type: 3}
      propertyPath: m_fontAsset
      value: 
      objectReference: {fileID: 11400000, guid: 67b7aee63658bad4c8cd9ef7f22bdef5,
        type: 2}
    - target: {fileID: 7128901658379187807, guid: 0ae78a69ad47c674faef910f430cc488,
        type: 3}
      propertyPath: m_sharedMaterial
      value: 
      objectReference: {fileID: 1652471621808623072, guid: 67b7aee63658bad4c8cd9ef7f22bdef5,
        type: 2}
    - target: {fileID: 7128901659148263440, guid: 0ae78a69ad47c674faef910f430cc488,
        type: 3}
      propertyPath: key
      value: damageTaken
      objectReference: {fileID: 0}
    - target: {fileID: 7128901659148263440, guid: 0ae78a69ad47c674faef910f430cc488,
        type: 3}
      propertyPath: titleText
      value: Damage Taken
      objectReference: {fileID: 0}
    - target: {fileID: 7128901659148263442, guid: 0ae78a69ad47c674faef910f430cc488,
        type: 3}
      propertyPath: m_Pivot.x
      value: 0
      objectReference: {fileID: 0}
    - target: {fileID: 7128901659148263442, guid: 0ae78a69ad47c674faef910f430cc488,
        type: 3}
      propertyPath: m_Pivot.y
      value: 1
      objectReference: {fileID: 0}
    - target: {fileID: 7128901659148263442, guid: 0ae78a69ad47c674faef910f430cc488,
        type: 3}
      propertyPath: m_RootOrder
      value: 3
      objectReference: {fileID: 0}
    - target: {fileID: 7128901659148263442, guid: 0ae78a69ad47c674faef910f430cc488,
        type: 3}
      propertyPath: m_AnchorMax.x
      value: 0
      objectReference: {fileID: 0}
    - target: {fileID: 7128901659148263442, guid: 0ae78a69ad47c674faef910f430cc488,
        type: 3}
      propertyPath: m_AnchorMax.y
      value: 0
      objectReference: {fileID: 0}
    - target: {fileID: 7128901659148263442, guid: 0ae78a69ad47c674faef910f430cc488,
        type: 3}
      propertyPath: m_AnchorMin.x
      value: 0
      objectReference: {fileID: 0}
    - target: {fileID: 7128901659148263442, guid: 0ae78a69ad47c674faef910f430cc488,
        type: 3}
      propertyPath: m_AnchorMin.y
      value: 0
      objectReference: {fileID: 0}
    - target: {fileID: 7128901659148263442, guid: 0ae78a69ad47c674faef910f430cc488,
        type: 3}
      propertyPath: m_SizeDelta.x
      value: 0
      objectReference: {fileID: 0}
    - target: {fileID: 7128901659148263442, guid: 0ae78a69ad47c674faef910f430cc488,
        type: 3}
      propertyPath: m_SizeDelta.y
      value: 0
      objectReference: {fileID: 0}
    - target: {fileID: 7128901659148263442, guid: 0ae78a69ad47c674faef910f430cc488,
        type: 3}
      propertyPath: m_LocalPosition.x
      value: 0
      objectReference: {fileID: 0}
    - target: {fileID: 7128901659148263442, guid: 0ae78a69ad47c674faef910f430cc488,
        type: 3}
      propertyPath: m_LocalPosition.y
      value: 0
      objectReference: {fileID: 0}
    - target: {fileID: 7128901659148263442, guid: 0ae78a69ad47c674faef910f430cc488,
        type: 3}
      propertyPath: m_LocalPosition.z
      value: 0
      objectReference: {fileID: 0}
    - target: {fileID: 7128901659148263442, guid: 0ae78a69ad47c674faef910f430cc488,
        type: 3}
      propertyPath: m_LocalRotation.w
      value: 1
      objectReference: {fileID: 0}
    - target: {fileID: 7128901659148263442, guid: 0ae78a69ad47c674faef910f430cc488,
        type: 3}
      propertyPath: m_LocalRotation.x
      value: -0
      objectReference: {fileID: 0}
    - target: {fileID: 7128901659148263442, guid: 0ae78a69ad47c674faef910f430cc488,
        type: 3}
      propertyPath: m_LocalRotation.y
      value: -0
      objectReference: {fileID: 0}
    - target: {fileID: 7128901659148263442, guid: 0ae78a69ad47c674faef910f430cc488,
        type: 3}
      propertyPath: m_LocalRotation.z
      value: -0
      objectReference: {fileID: 0}
    - target: {fileID: 7128901659148263442, guid: 0ae78a69ad47c674faef910f430cc488,
        type: 3}
      propertyPath: m_AnchoredPosition.x
      value: 0
      objectReference: {fileID: 0}
    - target: {fileID: 7128901659148263442, guid: 0ae78a69ad47c674faef910f430cc488,
        type: 3}
      propertyPath: m_AnchoredPosition.y
      value: 0
      objectReference: {fileID: 0}
    - target: {fileID: 7128901659148263442, guid: 0ae78a69ad47c674faef910f430cc488,
        type: 3}
      propertyPath: m_LocalEulerAnglesHint.x
      value: 0
      objectReference: {fileID: 0}
    - target: {fileID: 7128901659148263442, guid: 0ae78a69ad47c674faef910f430cc488,
        type: 3}
      propertyPath: m_LocalEulerAnglesHint.y
      value: 0
      objectReference: {fileID: 0}
    - target: {fileID: 7128901659148263442, guid: 0ae78a69ad47c674faef910f430cc488,
        type: 3}
      propertyPath: m_LocalEulerAnglesHint.z
      value: 0
      objectReference: {fileID: 0}
    - target: {fileID: 7128901659148263443, guid: 0ae78a69ad47c674faef910f430cc488,
        type: 3}
      propertyPath: m_Name
      value: Result UI (3)
      objectReference: {fileID: 0}
    - target: {fileID: 7128901659500642360, guid: 0ae78a69ad47c674faef910f430cc488,
        type: 3}
      propertyPath: m_fontAsset
      value: 
      objectReference: {fileID: 11400000, guid: 67b7aee63658bad4c8cd9ef7f22bdef5,
        type: 2}
    - target: {fileID: 7128901659500642360, guid: 0ae78a69ad47c674faef910f430cc488,
        type: 3}
      propertyPath: m_fontColor.b
      value: 0.10111046
      objectReference: {fileID: 0}
    - target: {fileID: 7128901659500642360, guid: 0ae78a69ad47c674faef910f430cc488,
        type: 3}
      propertyPath: m_fontColor.g
      value: 0
      objectReference: {fileID: 0}
    - target: {fileID: 7128901659500642360, guid: 0ae78a69ad47c674faef910f430cc488,
        type: 3}
      propertyPath: m_sharedMaterial
      value: 
      objectReference: {fileID: 1652471621808623072, guid: 67b7aee63658bad4c8cd9ef7f22bdef5,
        type: 2}
    - target: {fileID: 7128901659500642360, guid: 0ae78a69ad47c674faef910f430cc488,
        type: 3}
      propertyPath: m_fontColor32.rgba
      value: 4279894271
      objectReference: {fileID: 0}
    m_RemovedComponents: []
  m_SourcePrefab: {fileID: 100100000, guid: 0ae78a69ad47c674faef910f430cc488, type: 3}
--- !u!224 &1505572677667231612 stripped
RectTransform:
  m_CorrespondingSourceObject: {fileID: 7128901659148263442, guid: 0ae78a69ad47c674faef910f430cc488,
    type: 3}
  m_PrefabInstance: {fileID: 8505659320381880174}
  m_PrefabAsset: {fileID: 0}
--- !u!1001 &8505659320818542794
PrefabInstance:
  m_ObjectHideFlags: 0
  serializedVersion: 2
  m_Modification:
    m_TransformParent: {fileID: 8505659321052134396}
    m_Modifications:
    - target: {fileID: 7128901658379187807, guid: 0ae78a69ad47c674faef910f430cc488,
        type: 3}
      propertyPath: m_fontAsset
      value: 
      objectReference: {fileID: 11400000, guid: 67b7aee63658bad4c8cd9ef7f22bdef5,
        type: 2}
    - target: {fileID: 7128901658379187807, guid: 0ae78a69ad47c674faef910f430cc488,
        type: 3}
      propertyPath: m_sharedMaterial
      value: 
      objectReference: {fileID: 1652471621808623072, guid: 67b7aee63658bad4c8cd9ef7f22bdef5,
        type: 2}
    - target: {fileID: 7128901659148263440, guid: 0ae78a69ad47c674faef910f430cc488,
        type: 3}
      propertyPath: key
      value: score
      objectReference: {fileID: 0}
    - target: {fileID: 7128901659148263440, guid: 0ae78a69ad47c674faef910f430cc488,
        type: 3}
      propertyPath: titleText
      value: Final Score
      objectReference: {fileID: 0}
    - target: {fileID: 7128901659148263442, guid: 0ae78a69ad47c674faef910f430cc488,
        type: 3}
      propertyPath: m_Pivot.x
      value: 0
      objectReference: {fileID: 0}
    - target: {fileID: 7128901659148263442, guid: 0ae78a69ad47c674faef910f430cc488,
        type: 3}
      propertyPath: m_Pivot.y
      value: 1
      objectReference: {fileID: 0}
    - target: {fileID: 7128901659148263442, guid: 0ae78a69ad47c674faef910f430cc488,
        type: 3}
      propertyPath: m_RootOrder
      value: 4
      objectReference: {fileID: 0}
    - target: {fileID: 7128901659148263442, guid: 0ae78a69ad47c674faef910f430cc488,
        type: 3}
      propertyPath: m_AnchorMax.x
      value: 0
      objectReference: {fileID: 0}
    - target: {fileID: 7128901659148263442, guid: 0ae78a69ad47c674faef910f430cc488,
        type: 3}
      propertyPath: m_AnchorMax.y
      value: 0
      objectReference: {fileID: 0}
    - target: {fileID: 7128901659148263442, guid: 0ae78a69ad47c674faef910f430cc488,
        type: 3}
      propertyPath: m_AnchorMin.x
      value: 0
      objectReference: {fileID: 0}
    - target: {fileID: 7128901659148263442, guid: 0ae78a69ad47c674faef910f430cc488,
        type: 3}
      propertyPath: m_AnchorMin.y
      value: 0
      objectReference: {fileID: 0}
    - target: {fileID: 7128901659148263442, guid: 0ae78a69ad47c674faef910f430cc488,
        type: 3}
      propertyPath: m_SizeDelta.x
      value: 0
      objectReference: {fileID: 0}
    - target: {fileID: 7128901659148263442, guid: 0ae78a69ad47c674faef910f430cc488,
        type: 3}
      propertyPath: m_SizeDelta.y
      value: 0
      objectReference: {fileID: 0}
    - target: {fileID: 7128901659148263442, guid: 0ae78a69ad47c674faef910f430cc488,
        type: 3}
      propertyPath: m_LocalPosition.x
      value: 0
      objectReference: {fileID: 0}
    - target: {fileID: 7128901659148263442, guid: 0ae78a69ad47c674faef910f430cc488,
        type: 3}
      propertyPath: m_LocalPosition.y
      value: 0
      objectReference: {fileID: 0}
    - target: {fileID: 7128901659148263442, guid: 0ae78a69ad47c674faef910f430cc488,
        type: 3}
      propertyPath: m_LocalPosition.z
      value: 0
      objectReference: {fileID: 0}
    - target: {fileID: 7128901659148263442, guid: 0ae78a69ad47c674faef910f430cc488,
        type: 3}
      propertyPath: m_LocalRotation.w
      value: 1
      objectReference: {fileID: 0}
    - target: {fileID: 7128901659148263442, guid: 0ae78a69ad47c674faef910f430cc488,
        type: 3}
      propertyPath: m_LocalRotation.x
      value: -0
      objectReference: {fileID: 0}
    - target: {fileID: 7128901659148263442, guid: 0ae78a69ad47c674faef910f430cc488,
        type: 3}
      propertyPath: m_LocalRotation.y
      value: -0
      objectReference: {fileID: 0}
    - target: {fileID: 7128901659148263442, guid: 0ae78a69ad47c674faef910f430cc488,
        type: 3}
      propertyPath: m_LocalRotation.z
      value: -0
      objectReference: {fileID: 0}
    - target: {fileID: 7128901659148263442, guid: 0ae78a69ad47c674faef910f430cc488,
        type: 3}
      propertyPath: m_AnchoredPosition.x
      value: 0
      objectReference: {fileID: 0}
    - target: {fileID: 7128901659148263442, guid: 0ae78a69ad47c674faef910f430cc488,
        type: 3}
      propertyPath: m_AnchoredPosition.y
      value: 0
      objectReference: {fileID: 0}
    - target: {fileID: 7128901659148263442, guid: 0ae78a69ad47c674faef910f430cc488,
        type: 3}
      propertyPath: m_LocalEulerAnglesHint.x
      value: 0
      objectReference: {fileID: 0}
    - target: {fileID: 7128901659148263442, guid: 0ae78a69ad47c674faef910f430cc488,
        type: 3}
      propertyPath: m_LocalEulerAnglesHint.y
      value: 0
      objectReference: {fileID: 0}
    - target: {fileID: 7128901659148263442, guid: 0ae78a69ad47c674faef910f430cc488,
        type: 3}
      propertyPath: m_LocalEulerAnglesHint.z
      value: 0
      objectReference: {fileID: 0}
    - target: {fileID: 7128901659148263443, guid: 0ae78a69ad47c674faef910f430cc488,
        type: 3}
      propertyPath: m_Name
      value: Result UI (4)
      objectReference: {fileID: 0}
    - target: {fileID: 7128901659500642360, guid: 0ae78a69ad47c674faef910f430cc488,
        type: 3}
      propertyPath: m_fontAsset
      value: 
      objectReference: {fileID: 11400000, guid: 67b7aee63658bad4c8cd9ef7f22bdef5,
        type: 2}
    - target: {fileID: 7128901659500642360, guid: 0ae78a69ad47c674faef910f430cc488,
        type: 3}
      propertyPath: m_fontColor.b
      value: 0.10111046
      objectReference: {fileID: 0}
    - target: {fileID: 7128901659500642360, guid: 0ae78a69ad47c674faef910f430cc488,
        type: 3}
      propertyPath: m_fontColor.g
      value: 0
      objectReference: {fileID: 0}
    - target: {fileID: 7128901659500642360, guid: 0ae78a69ad47c674faef910f430cc488,
        type: 3}
      propertyPath: m_sharedMaterial
      value: 
      objectReference: {fileID: 1652471621808623072, guid: 67b7aee63658bad4c8cd9ef7f22bdef5,
        type: 2}
    - target: {fileID: 7128901659500642360, guid: 0ae78a69ad47c674faef910f430cc488,
        type: 3}
      propertyPath: m_fontColor32.rgba
      value: 4279894271
      objectReference: {fileID: 0}
    m_RemovedComponents: []
  m_SourcePrefab: {fileID: 100100000, guid: 0ae78a69ad47c674faef910f430cc488, type: 3}
--- !u!224 &1505572677297408216 stripped
RectTransform:
  m_CorrespondingSourceObject: {fileID: 7128901659148263442, guid: 0ae78a69ad47c674faef910f430cc488,
    type: 3}
  m_PrefabInstance: {fileID: 8505659320818542794}
  m_PrefabAsset: {fileID: 0}
