%YAML 1.1
%TAG !u! tag:unity3d.com,2011:
--- !u!1 &9173916836024652486
GameObject:
  m_ObjectHideFlags: 0
  m_CorrespondingSourceObject: {fileID: 0}
  m_PrefabInstance: {fileID: 0}
  m_PrefabAsset: {fileID: 0}
  serializedVersion: 6
  m_Component:
  - component: {fileID: 1757663878983732285}
  m_Layer: 0
  m_Name: room_hallway_intersection_X
  m_TagString: Untagged
  m_Icon: {fileID: 0}
  m_NavMeshLayer: 0
  m_StaticEditorFlags: 0
  m_IsActive: 1
--- !u!4 &1757663878983732285
Transform:
  m_ObjectHideFlags: 0
  m_CorrespondingSourceObject: {fileID: 0}
  m_PrefabInstance: {fileID: 0}
  m_PrefabAsset: {fileID: 0}
  m_GameObject: {fileID: 9173916836024652486}
  m_LocalRotation: {x: -0, y: -0, z: -0, w: 1}
  m_LocalPosition: {x: 0, y: 0, z: 0}
  m_LocalScale: {x: 1, y: 1, z: 1}
  m_Children:
  - {fileID: 8484651283885460464}
  - {fileID: 231345781757467833}
  m_Father: {fileID: 0}
  m_RootOrder: 0
  m_LocalEulerAnglesHint: {x: 0, y: 0, z: 0}
--- !u!1001 &1447452700647564338
PrefabInstance:
  m_ObjectHideFlags: 0
  serializedVersion: 2
  m_Modification:
    m_TransformParent: {fileID: 8484651283885460464}
    m_Modifications:
    - target: {fileID: 3827401120674770307, guid: ab2609a0cfac8fb4ebe15482fea3d255,
        type: 3}
      propertyPath: m_RootOrder
      value: 1
      objectReference: {fileID: 0}
    - target: {fileID: 3827401120674770307, guid: ab2609a0cfac8fb4ebe15482fea3d255,
        type: 3}
      propertyPath: m_LocalPosition.x
      value: 2
      objectReference: {fileID: 0}
    - target: {fileID: 3827401120674770307, guid: ab2609a0cfac8fb4ebe15482fea3d255,
        type: 3}
      propertyPath: m_LocalPosition.y
      value: -1
      objectReference: {fileID: 0}
    - target: {fileID: 3827401120674770307, guid: ab2609a0cfac8fb4ebe15482fea3d255,
        type: 3}
      propertyPath: m_LocalPosition.z
      value: 11
      objectReference: {fileID: 0}
    - target: {fileID: 3827401120674770307, guid: ab2609a0cfac8fb4ebe15482fea3d255,
        type: 3}
      propertyPath: m_LocalRotation.w
      value: 1
      objectReference: {fileID: 0}
    - target: {fileID: 3827401120674770307, guid: ab2609a0cfac8fb4ebe15482fea3d255,
        type: 3}
      propertyPath: m_LocalRotation.x
      value: 0
      objectReference: {fileID: 0}
    - target: {fileID: 3827401120674770307, guid: ab2609a0cfac8fb4ebe15482fea3d255,
        type: 3}
      propertyPath: m_LocalRotation.y
      value: 0
      objectReference: {fileID: 0}
    - target: {fileID: 3827401120674770307, guid: ab2609a0cfac8fb4ebe15482fea3d255,
        type: 3}
      propertyPath: m_LocalRotation.z
      value: 0
      objectReference: {fileID: 0}
    - target: {fileID: 3827401120674770307, guid: ab2609a0cfac8fb4ebe15482fea3d255,
        type: 3}
      propertyPath: m_LocalEulerAnglesHint.x
      value: 0
      objectReference: {fileID: 0}
    - target: {fileID: 3827401120674770307, guid: ab2609a0cfac8fb4ebe15482fea3d255,
        type: 3}
      propertyPath: m_LocalEulerAnglesHint.y
      value: 0
      objectReference: {fileID: 0}
    - target: {fileID: 3827401120674770307, guid: ab2609a0cfac8fb4ebe15482fea3d255,
        type: 3}
      propertyPath: m_LocalEulerAnglesHint.z
      value: 0
      objectReference: {fileID: 0}
    - target: {fileID: 8935671478945291720, guid: ab2609a0cfac8fb4ebe15482fea3d255,
        type: 3}
      propertyPath: m_Name
      value: Pathway (1)
      objectReference: {fileID: 0}
    - target: {fileID: 8935671478945291720, guid: ab2609a0cfac8fb4ebe15482fea3d255,
        type: 3}
      propertyPath: m_Layer
      value: 17
      objectReference: {fileID: 0}
    m_RemovedComponents: []
  m_SourcePrefab: {fileID: 100100000, guid: ab2609a0cfac8fb4ebe15482fea3d255, type: 3}
--- !u!114 &3594275306031613625 stripped
MonoBehaviour:
  m_CorrespondingSourceObject: {fileID: 2735669416405377675, guid: ab2609a0cfac8fb4ebe15482fea3d255,
    type: 3}
  m_PrefabInstance: {fileID: 1447452700647564338}
  m_PrefabAsset: {fileID: 0}
  m_GameObject: {fileID: 0}
  m_Enabled: 1
  m_EditorHideFlags: 0
  m_Script: {fileID: 11500000, guid: e99ae58be9ce0e545bc4c3ad8fee5074, type: 3}
  m_Name: 
  m_EditorClassIdentifier: 
--- !u!1001 &3246084241549145146
PrefabInstance:
  m_ObjectHideFlags: 0
  serializedVersion: 2
  m_Modification:
    m_TransformParent: {fileID: 1757663878983732285}
    m_Modifications:
    - target: {fileID: 487243255437973317, guid: fff8356252ea53944a12164768d9b558,
        type: 3}
      propertyPath: m_Size.x
      value: 20.27584
      objectReference: {fileID: 0}
    - target: {fileID: 487243255437973317, guid: fff8356252ea53944a12164768d9b558,
        type: 3}
      propertyPath: m_Size.y
      value: 10.181494
      objectReference: {fileID: 0}
    - target: {fileID: 487243255437973317, guid: fff8356252ea53944a12164768d9b558,
        type: 3}
      propertyPath: m_Size.z
      value: 18.164612
      objectReference: {fileID: 0}
    - target: {fileID: 487243255437973317, guid: fff8356252ea53944a12164768d9b558,
        type: 3}
      propertyPath: m_Center.x
      value: 1.972189
      objectReference: {fileID: 0}
    - target: {fileID: 487243255437973317, guid: fff8356252ea53944a12164768d9b558,
        type: 3}
      propertyPath: m_Center.y
      value: -0.028719902
      objectReference: {fileID: 0}
    - target: {fileID: 487243255437973317, guid: fff8356252ea53944a12164768d9b558,
        type: 3}
      propertyPath: m_Center.z
      value: 1.0278091
      objectReference: {fileID: 0}
    - target: {fileID: 918219066823269465, guid: fff8356252ea53944a12164768d9b558,
        type: 3}
      propertyPath: m_IsActive
      value: 1
      objectReference: {fileID: 0}
    - target: {fileID: 1417693665624029033, guid: fff8356252ea53944a12164768d9b558,
        type: 3}
      propertyPath: m_Name
      value: Area Data
      objectReference: {fileID: 0}
    - target: {fileID: 4268913019039595364, guid: fff8356252ea53944a12164768d9b558,
        type: 3}
      propertyPath: rootObj
      value: 
      objectReference: {fileID: 1757663878983732285}
    - target: {fileID: 4268913019039595364, guid: fff8356252ea53944a12164768d9b558,
        type: 3}
      propertyPath: autoMapSprite
      value: 0
      objectReference: {fileID: 0}
    - target: {fileID: 4268913019039595364, guid: fff8356252ea53944a12164768d9b558,
        type: 3}
      propertyPath: pathWays.Array.size
      value: 4
      objectReference: {fileID: 0}
    - target: {fileID: 4268913019039595364, guid: fff8356252ea53944a12164768d9b558,
        type: 3}
      propertyPath: pathWays.Array.data[1]
      value: 
      objectReference: {fileID: 3594275306031613625}
    - target: {fileID: 4268913019039595364, guid: fff8356252ea53944a12164768d9b558,
        type: 3}
      propertyPath: pathWays.Array.data[2]
      value: 
      objectReference: {fileID: 1743255715770999404}
    - target: {fileID: 4268913019039595364, guid: fff8356252ea53944a12164768d9b558,
        type: 3}
      propertyPath: pathWays.Array.data[3]
      value: 
      objectReference: {fileID: 5935496595406253211}
    - target: {fileID: 4945616035239628671, guid: fff8356252ea53944a12164768d9b558,
        type: 3}
      propertyPath: m_LocalPosition.x
      value: -9
      objectReference: {fileID: 0}
    - target: {fileID: 4945616035239628671, guid: fff8356252ea53944a12164768d9b558,
        type: 3}
      propertyPath: m_LocalPosition.y
      value: -1
      objectReference: {fileID: 0}
    - target: {fileID: 4945616035239628671, guid: fff8356252ea53944a12164768d9b558,
        type: 3}
      propertyPath: m_LocalPosition.z
      value: -1
      objectReference: {fileID: 0}
    - target: {fileID: 4945616035239628671, guid: fff8356252ea53944a12164768d9b558,
        type: 3}
      propertyPath: m_LocalRotation.w
      value: 0.7071068
      objectReference: {fileID: 0}
    - target: {fileID: 4945616035239628671, guid: fff8356252ea53944a12164768d9b558,
        type: 3}
      propertyPath: m_LocalRotation.y
      value: -0.7071068
      objectReference: {fileID: 0}
    - target: {fileID: 4945616035239628671, guid: fff8356252ea53944a12164768d9b558,
        type: 3}
      propertyPath: m_LocalEulerAnglesHint.y
      value: -90
      objectReference: {fileID: 0}
    - target: {fileID: 6391699724059656138, guid: fff8356252ea53944a12164768d9b558,
        type: 3}
      propertyPath: m_RootOrder
      value: 0
      objectReference: {fileID: 0}
    - target: {fileID: 6391699724059656138, guid: fff8356252ea53944a12164768d9b558,
        type: 3}
      propertyPath: m_LocalPosition.x
      value: 0
      objectReference: {fileID: 0}
    - target: {fileID: 6391699724059656138, guid: fff8356252ea53944a12164768d9b558,
        type: 3}
      propertyPath: m_LocalPosition.y
      value: 0
      objectReference: {fileID: 0}
    - target: {fileID: 6391699724059656138, guid: fff8356252ea53944a12164768d9b558,
        type: 3}
      propertyPath: m_LocalPosition.z
      value: 0
      objectReference: {fileID: 0}
    - target: {fileID: 6391699724059656138, guid: fff8356252ea53944a12164768d9b558,
        type: 3}
      propertyPath: m_LocalRotation.w
      value: 1
      objectReference: {fileID: 0}
    - target: {fileID: 6391699724059656138, guid: fff8356252ea53944a12164768d9b558,
        type: 3}
      propertyPath: m_LocalRotation.x
      value: -0
      objectReference: {fileID: 0}
    - target: {fileID: 6391699724059656138, guid: fff8356252ea53944a12164768d9b558,
        type: 3}
      propertyPath: m_LocalRotation.y
      value: -0
      objectReference: {fileID: 0}
    - target: {fileID: 6391699724059656138, guid: fff8356252ea53944a12164768d9b558,
        type: 3}
      propertyPath: m_LocalRotation.z
      value: -0
      objectReference: {fileID: 0}
    - target: {fileID: 6391699724059656138, guid: fff8356252ea53944a12164768d9b558,
        type: 3}
      propertyPath: m_LocalEulerAnglesHint.x
      value: 0
      objectReference: {fileID: 0}
    - target: {fileID: 6391699724059656138, guid: fff8356252ea53944a12164768d9b558,
        type: 3}
      propertyPath: m_LocalEulerAnglesHint.y
      value: 0
      objectReference: {fileID: 0}
    - target: {fileID: 6391699724059656138, guid: fff8356252ea53944a12164768d9b558,
        type: 3}
      propertyPath: m_LocalEulerAnglesHint.z
      value: 0
      objectReference: {fileID: 0}
    - target: {fileID: 8454782418898906193, guid: fff8356252ea53944a12164768d9b558,
        type: 3}
      propertyPath: m_RootOrder
      value: 4
      objectReference: {fileID: 0}
    - target: {fileID: 8454782418898906193, guid: fff8356252ea53944a12164768d9b558,
        type: 3}
      propertyPath: m_LocalScale.x
      value: 1.7094133
      objectReference: {fileID: 0}
    - target: {fileID: 8454782418898906193, guid: fff8356252ea53944a12164768d9b558,
        type: 3}
      propertyPath: m_LocalScale.y
      value: 1.7094133
      objectReference: {fileID: 0}
    - target: {fileID: 8454782418898906193, guid: fff8356252ea53944a12164768d9b558,
        type: 3}
      propertyPath: m_LocalScale.z
      value: 1.7094133
      objectReference: {fileID: 0}
    - target: {fileID: 8454782418898906193, guid: fff8356252ea53944a12164768d9b558,
        type: 3}
      propertyPath: m_LocalPosition.x
      value: 1.99
      objectReference: {fileID: 0}
    - target: {fileID: 8454782418898906193, guid: fff8356252ea53944a12164768d9b558,
        type: 3}
      propertyPath: m_LocalPosition.y
      value: -0
      objectReference: {fileID: 0}
    - target: {fileID: 8454782418898906193, guid: fff8356252ea53944a12164768d9b558,
        type: 3}
      propertyPath: m_LocalPosition.z
      value: 1.01
      objectReference: {fileID: 0}
    - target: {fileID: 8454782418898906193, guid: fff8356252ea53944a12164768d9b558,
        type: 3}
      propertyPath: m_LocalRotation.w
      value: -0.000000007450581
      objectReference: {fileID: 0}
    - target: {fileID: 8454782418898906193, guid: fff8356252ea53944a12164768d9b558,
        type: 3}
      propertyPath: m_LocalRotation.x
      value: 0.00000000774754
      objectReference: {fileID: 0}
    - target: {fileID: 8454782418898906193, guid: fff8356252ea53944a12164768d9b558,
        type: 3}
      propertyPath: m_LocalRotation.y
      value: 0.7071069
      objectReference: {fileID: 0}
    - target: {fileID: 8454782418898906193, guid: fff8356252ea53944a12164768d9b558,
        type: 3}
      propertyPath: m_LocalRotation.z
      value: -0.70710677
      objectReference: {fileID: 0}
    - target: {fileID: 8454782418898906193, guid: fff8356252ea53944a12164768d9b558,
        type: 3}
      propertyPath: m_LocalEulerAnglesHint.x
      value: 90.00001
      objectReference: {fileID: 0}
    - target: {fileID: 8454782418898906193, guid: fff8356252ea53944a12164768d9b558,
        type: 3}
      propertyPath: m_LocalEulerAnglesHint.z
      value: -179.99998
      objectReference: {fileID: 0}
    - target: {fileID: 8554362572521944820, guid: fff8356252ea53944a12164768d9b558,
        type: 3}
      propertyPath: m_Sprite
      value: 
      objectReference: {fileID: 21300000, guid: 773e18480ec9c1945908b25883d9f335,
        type: 3}
    - target: {fileID: 8554362572521944820, guid: fff8356252ea53944a12164768d9b558,
        type: 3}
      propertyPath: m_Color.b
      value: 1
      objectReference: {fileID: 0}
    - target: {fileID: 8554362572521944820, guid: fff8356252ea53944a12164768d9b558,
        type: 3}
      propertyPath: m_Color.g
      value: 0.4156863
      objectReference: {fileID: 0}
    - target: {fileID: 8554362572521944820, guid: fff8356252ea53944a12164768d9b558,
        type: 3}
      propertyPath: m_Color.r
      value: 0.2971698
      objectReference: {fileID: 0}
    m_RemovedComponents: []
  m_SourcePrefab: {fileID: 100100000, guid: fff8356252ea53944a12164768d9b558, type: 3}
--- !u!4 &8484651283885460464 stripped
Transform:
  m_CorrespondingSourceObject: {fileID: 6391699724059656138, guid: fff8356252ea53944a12164768d9b558,
    type: 3}
  m_PrefabInstance: {fileID: 3246084241549145146}
  m_PrefabAsset: {fileID: 0}
--- !u!1001 &4451321153651015911
PrefabInstance:
  m_ObjectHideFlags: 0
  serializedVersion: 2
  m_Modification:
    m_TransformParent: {fileID: 8484651283885460464}
    m_Modifications:
    - target: {fileID: 3827401120674770307, guid: ab2609a0cfac8fb4ebe15482fea3d255,
        type: 3}
      propertyPath: m_RootOrder
      value: 2
      objectReference: {fileID: 0}
    - target: {fileID: 3827401120674770307, guid: ab2609a0cfac8fb4ebe15482fea3d255,
        type: 3}
      propertyPath: m_LocalPosition.x
      value: 2
      objectReference: {fileID: 0}
    - target: {fileID: 3827401120674770307, guid: ab2609a0cfac8fb4ebe15482fea3d255,
        type: 3}
      propertyPath: m_LocalPosition.y
      value: -1
      objectReference: {fileID: 0}
    - target: {fileID: 3827401120674770307, guid: ab2609a0cfac8fb4ebe15482fea3d255,
        type: 3}
      propertyPath: m_LocalPosition.z
      value: -9
      objectReference: {fileID: 0}
    - target: {fileID: 3827401120674770307, guid: ab2609a0cfac8fb4ebe15482fea3d255,
        type: 3}
      propertyPath: m_LocalRotation.w
      value: 0
      objectReference: {fileID: 0}
    - target: {fileID: 3827401120674770307, guid: ab2609a0cfac8fb4ebe15482fea3d255,
        type: 3}
      propertyPath: m_LocalRotation.x
      value: 0
      objectReference: {fileID: 0}
    - target: {fileID: 3827401120674770307, guid: ab2609a0cfac8fb4ebe15482fea3d255,
        type: 3}
      propertyPath: m_LocalRotation.y
      value: 1
      objectReference: {fileID: 0}
    - target: {fileID: 3827401120674770307, guid: ab2609a0cfac8fb4ebe15482fea3d255,
        type: 3}
      propertyPath: m_LocalRotation.z
      value: 0
      objectReference: {fileID: 0}
    - target: {fileID: 3827401120674770307, guid: ab2609a0cfac8fb4ebe15482fea3d255,
        type: 3}
      propertyPath: m_LocalEulerAnglesHint.x
      value: 0
      objectReference: {fileID: 0}
    - target: {fileID: 3827401120674770307, guid: ab2609a0cfac8fb4ebe15482fea3d255,
        type: 3}
      propertyPath: m_LocalEulerAnglesHint.y
      value: 180
      objectReference: {fileID: 0}
    - target: {fileID: 3827401120674770307, guid: ab2609a0cfac8fb4ebe15482fea3d255,
        type: 3}
      propertyPath: m_LocalEulerAnglesHint.z
      value: 0
      objectReference: {fileID: 0}
    - target: {fileID: 8935671478945291720, guid: ab2609a0cfac8fb4ebe15482fea3d255,
        type: 3}
      propertyPath: m_Name
      value: Pathway (2)
      objectReference: {fileID: 0}
    - target: {fileID: 8935671478945291720, guid: ab2609a0cfac8fb4ebe15482fea3d255,
        type: 3}
      propertyPath: m_Layer
      value: 17
      objectReference: {fileID: 0}
    m_RemovedComponents: []
  m_SourcePrefab: {fileID: 100100000, guid: ab2609a0cfac8fb4ebe15482fea3d255, type: 3}
--- !u!114 &1743255715770999404 stripped
MonoBehaviour:
  m_CorrespondingSourceObject: {fileID: 2735669416405377675, guid: ab2609a0cfac8fb4ebe15482fea3d255,
    type: 3}
  m_PrefabInstance: {fileID: 4451321153651015911}
  m_PrefabAsset: {fileID: 0}
  m_GameObject: {fileID: 0}
  m_Enabled: 1
  m_EditorHideFlags: 0
  m_Script: {fileID: 11500000, guid: e99ae58be9ce0e545bc4c3ad8fee5074, type: 3}
  m_Name: 
  m_EditorClassIdentifier: 
--- !u!1001 &5720024172024870248
PrefabInstance:
  m_ObjectHideFlags: 0
  serializedVersion: 2
  m_Modification:
    m_TransformParent: {fileID: 1757663878983732285}
    m_Modifications:
    - target: {fileID: 5500157860937525712, guid: aaf34ba838356a0459c9b6317dba1f14,
        type: 3}
      propertyPath: m_Name
      value: room_hallway_intersection_X (1)
      objectReference: {fileID: 0}
    - target: {fileID: 5500157860937525713, guid: aaf34ba838356a0459c9b6317dba1f14,
        type: 3}
      propertyPath: m_RootOrder
      value: 1
      objectReference: {fileID: 0}
    - target: {fileID: 5500157860937525713, guid: aaf34ba838356a0459c9b6317dba1f14,
        type: 3}
      propertyPath: m_LocalPosition.x
      value: 2
      objectReference: {fileID: 0}
    - target: {fileID: 5500157860937525713, guid: aaf34ba838356a0459c9b6317dba1f14,
        type: 3}
      propertyPath: m_LocalPosition.y
      value: 0.49984
      objectReference: {fileID: 0}
    - target: {fileID: 5500157860937525713, guid: aaf34ba838356a0459c9b6317dba1f14,
        type: 3}
      propertyPath: m_LocalPosition.z
      value: 0.99994
      objectReference: {fileID: 0}
    - target: {fileID: 5500157860937525713, guid: aaf34ba838356a0459c9b6317dba1f14,
        type: 3}
      propertyPath: m_LocalRotation.w
      value: 1
      objectReference: {fileID: 0}
    - target: {fileID: 5500157860937525713, guid: aaf34ba838356a0459c9b6317dba1f14,
        type: 3}
      propertyPath: m_LocalRotation.x
      value: 0
      objectReference: {fileID: 0}
    - target: {fileID: 5500157860937525713, guid: aaf34ba838356a0459c9b6317dba1f14,
        type: 3}
      propertyPath: m_LocalRotation.y
      value: 0
      objectReference: {fileID: 0}
    - target: {fileID: 5500157860937525713, guid: aaf34ba838356a0459c9b6317dba1f14,
        type: 3}
      propertyPath: m_LocalRotation.z
      value: 0
      objectReference: {fileID: 0}
    - target: {fileID: 5500157860937525713, guid: aaf34ba838356a0459c9b6317dba1f14,
        type: 3}
      propertyPath: m_LocalEulerAnglesHint.x
      value: 0
      objectReference: {fileID: 0}
    - target: {fileID: 5500157860937525713, guid: aaf34ba838356a0459c9b6317dba1f14,
        type: 3}
      propertyPath: m_LocalEulerAnglesHint.y
      value: 0
      objectReference: {fileID: 0}
    - target: {fileID: 5500157860937525713, guid: aaf34ba838356a0459c9b6317dba1f14,
        type: 3}
      propertyPath: m_LocalEulerAnglesHint.z
      value: 0
      objectReference: {fileID: 0}
    m_RemovedComponents: []
  m_SourcePrefab: {fileID: 100100000, guid: aaf34ba838356a0459c9b6317dba1f14, type: 3}
--- !u!4 &231345781757467833 stripped
Transform:
  m_CorrespondingSourceObject: {fileID: 5500157860937525713, guid: aaf34ba838356a0459c9b6317dba1f14,
    type: 3}
  m_PrefabInstance: {fileID: 5720024172024870248}
  m_PrefabAsset: {fileID: 0}
--- !u!1001 &8622161706183085584
PrefabInstance:
  m_ObjectHideFlags: 0
  serializedVersion: 2
  m_Modification:
    m_TransformParent: {fileID: 8484651283885460464}
    m_Modifications:
    - target: {fileID: 3827401120674770307, guid: ab2609a0cfac8fb4ebe15482fea3d255,
        type: 3}
      propertyPath: m_RootOrder
      value: 3
      objectReference: {fileID: 0}
    - target: {fileID: 3827401120674770307, guid: ab2609a0cfac8fb4ebe15482fea3d255,
        type: 3}
      propertyPath: m_LocalPosition.x
      value: 13
      objectReference: {fileID: 0}
    - target: {fileID: 3827401120674770307, guid: ab2609a0cfac8fb4ebe15482fea3d255,
        type: 3}
      propertyPath: m_LocalPosition.y
      value: -1
      objectReference: {fileID: 0}
    - target: {fileID: 3827401120674770307, guid: ab2609a0cfac8fb4ebe15482fea3d255,
        type: 3}
      propertyPath: m_LocalPosition.z
      value: -1
      objectReference: {fileID: 0}
    - target: {fileID: 3827401120674770307, guid: ab2609a0cfac8fb4ebe15482fea3d255,
        type: 3}
      propertyPath: m_LocalRotation.w
      value: 0.7071068
      objectReference: {fileID: 0}
    - target: {fileID: 3827401120674770307, guid: ab2609a0cfac8fb4ebe15482fea3d255,
        type: 3}
      propertyPath: m_LocalRotation.x
      value: 0
      objectReference: {fileID: 0}
    - target: {fileID: 3827401120674770307, guid: ab2609a0cfac8fb4ebe15482fea3d255,
        type: 3}
      propertyPath: m_LocalRotation.y
      value: 0.7071068
      objectReference: {fileID: 0}
    - target: {fileID: 3827401120674770307, guid: ab2609a0cfac8fb4ebe15482fea3d255,
        type: 3}
      propertyPath: m_LocalRotation.z
      value: 0
      objectReference: {fileID: 0}
    - target: {fileID: 3827401120674770307, guid: ab2609a0cfac8fb4ebe15482fea3d255,
        type: 3}
      propertyPath: m_LocalEulerAnglesHint.x
      value: 0
      objectReference: {fileID: 0}
    - target: {fileID: 3827401120674770307, guid: ab2609a0cfac8fb4ebe15482fea3d255,
        type: 3}
      propertyPath: m_LocalEulerAnglesHint.y
      value: 90
      objectReference: {fileID: 0}
    - target: {fileID: 3827401120674770307, guid: ab2609a0cfac8fb4ebe15482fea3d255,
        type: 3}
      propertyPath: m_LocalEulerAnglesHint.z
      value: 0
      objectReference: {fileID: 0}
    - target: {fileID: 8935671478945291720, guid: ab2609a0cfac8fb4ebe15482fea3d255,
        type: 3}
      propertyPath: m_Name
      value: Pathway (3)
      objectReference: {fileID: 0}
    - target: {fileID: 8935671478945291720, guid: ab2609a0cfac8fb4ebe15482fea3d255,
        type: 3}
      propertyPath: m_Layer
      value: 17
      objectReference: {fileID: 0}
    m_RemovedComponents: []
  m_SourcePrefab: {fileID: 100100000, guid: ab2609a0cfac8fb4ebe15482fea3d255, type: 3}
--- !u!114 &5935496595406253211 stripped
MonoBehaviour:
  m_CorrespondingSourceObject: {fileID: 2735669416405377675, guid: ab2609a0cfac8fb4ebe15482fea3d255,
    type: 3}
  m_PrefabInstance: {fileID: 8622161706183085584}
  m_PrefabAsset: {fileID: 0}
  m_GameObject: {fileID: 0}
  m_Enabled: 1
  m_EditorHideFlags: 0
  m_Script: {fileID: 11500000, guid: e99ae58be9ce0e545bc4c3ad8fee5074, type: 3}
  m_Name: 
  m_EditorClassIdentifier: 
