%YAML 1.1
%TAG !u! tag:unity3d.com,2011:
--- !u!1 &2165514588335613420
GameObject:
  m_ObjectHideFlags: 0
  m_CorrespondingSourceObject: {fileID: 0}
  m_PrefabInstance: {fileID: 0}
  m_PrefabAsset: {fileID: 0}
  serializedVersion: 6
  m_Component:
  - component: {fileID: 2165514588335613421}
  m_Layer: 0
  m_Name: room_main
  m_TagString: Untagged
  m_Icon: {fileID: 0}
  m_NavMeshLayer: 0
  m_StaticEditorFlags: 0
  m_IsActive: 1
--- !u!4 &2165514588335613421
Transform:
  m_ObjectHideFlags: 0
  m_CorrespondingSourceObject: {fileID: 0}
  m_PrefabInstance: {fileID: 0}
  m_PrefabAsset: {fileID: 0}
  m_GameObject: {fileID: 2165514588335613420}
  m_LocalRotation: {x: -0, y: -0, z: -0, w: 1}
  m_LocalPosition: {x: 0, y: 0, z: 0}
  m_LocalScale: {x: 1, y: 1, z: 1}
  m_Children:
  - {fileID: 8481322323094632646}
  - {fileID: 9021036905872830676}
  m_Father: {fileID: 0}
  m_RootOrder: 0
  m_LocalEulerAnglesHint: {x: 0, y: 0, z: 0}
--- !u!114 &2223641384497200881
MonoBehaviour:
  m_ObjectHideFlags: 0
  m_CorrespondingSourceObject: {fileID: 0}
  m_PrefabInstance: {fileID: 0}
  m_PrefabAsset: {fileID: 0}
  m_GameObject: {fileID: 4516262015156334693}
  m_Enabled: 1
  m_EditorHideFlags: 0
  m_Script: {fileID: 11500000, guid: 2e4f2106b4922414393b548171f33680, type: 3}
  m_Name: 
  m_EditorClassIdentifier: 
  onEnter: {fileID: 0}
  interactName: 
--- !u!1001 &3242684912333801228
PrefabInstance:
  m_ObjectHideFlags: 0
  serializedVersion: 2
  m_Modification:
    m_TransformParent: {fileID: 2165514588335613421}
    m_Modifications:
    - target: {fileID: 487243255437973317, guid: fff8356252ea53944a12164768d9b558,
        type: 3}
      propertyPath: m_Size.x
      value: 34.38481
      objectReference: {fileID: 0}
    - target: {fileID: 487243255437973317, guid: fff8356252ea53944a12164768d9b558,
        type: 3}
      propertyPath: m_Size.y
      value: 13.520504
      objectReference: {fileID: 0}
    - target: {fileID: 487243255437973317, guid: fff8356252ea53944a12164768d9b558,
        type: 3}
      propertyPath: m_Size.z
      value: 24.439125
      objectReference: {fileID: 0}
    - target: {fileID: 487243255437973317, guid: fff8356252ea53944a12164768d9b558,
        type: 3}
      propertyPath: m_Center.x
      value: 1.0526466
      objectReference: {fileID: 0}
    - target: {fileID: 487243255437973317, guid: fff8356252ea53944a12164768d9b558,
        type: 3}
      propertyPath: m_Center.y
      value: -0.000005722046
      objectReference: {fileID: 0}
    - target: {fileID: 487243255437973317, guid: fff8356252ea53944a12164768d9b558,
        type: 3}
      propertyPath: m_Center.z
      value: -0.022945404
      objectReference: {fileID: 0}
    - target: {fileID: 1417693665624029033, guid: fff8356252ea53944a12164768d9b558,
        type: 3}
      propertyPath: m_Name
      value: Area Data
      objectReference: {fileID: 0}
    - target: {fileID: 4268913019039595364, guid: fff8356252ea53944a12164768d9b558,
        type: 3}
      propertyPath: rootObj
      value: 
      objectReference: {fileID: 2165514588335613421}
    - target: {fileID: 4268913019039595364, guid: fff8356252ea53944a12164768d9b558,
        type: 3}
      propertyPath: autoMapSprite
      value: 0
      objectReference: {fileID: 0}
    - target: {fileID: 4268913019039595364, guid: fff8356252ea53944a12164768d9b558,
        type: 3}
      propertyPath: pathWays.Array.size
      value: 2
      objectReference: {fileID: 0}
    - target: {fileID: 4268913019039595364, guid: fff8356252ea53944a12164768d9b558,
        type: 3}
      propertyPath: pathWays.Array.data[1]
      value: 
      objectReference: {fileID: 6558252811859007741}
    - target: {fileID: 4268913019039595364, guid: fff8356252ea53944a12164768d9b558,
        type: 3}
      propertyPath: pathWays.Array.data[2]
      value: 
      objectReference: {fileID: 0}
    - target: {fileID: 4945616035239628671, guid: fff8356252ea53944a12164768d9b558,
        type: 3}
      propertyPath: m_LocalPosition.x
      value: -17
      objectReference: {fileID: 0}
    - target: {fileID: 4945616035239628671, guid: fff8356252ea53944a12164768d9b558,
        type: 3}
      propertyPath: m_LocalPosition.y
      value: -1.5
      objectReference: {fileID: 0}
    - target: {fileID: 4945616035239628671, guid: fff8356252ea53944a12164768d9b558,
        type: 3}
      propertyPath: m_LocalPosition.z
      value: -6
      objectReference: {fileID: 0}
    - target: {fileID: 4945616035239628671, guid: fff8356252ea53944a12164768d9b558,
        type: 3}
      propertyPath: m_LocalRotation.w
      value: 0.7071068
      objectReference: {fileID: 0}
    - target: {fileID: 4945616035239628671, guid: fff8356252ea53944a12164768d9b558,
        type: 3}
      propertyPath: m_LocalRotation.y
      value: -0.7071068
      objectReference: {fileID: 0}
    - target: {fileID: 4945616035239628671, guid: fff8356252ea53944a12164768d9b558,
        type: 3}
      propertyPath: m_LocalEulerAnglesHint.y
      value: -90
      objectReference: {fileID: 0}
    - target: {fileID: 6391699724059656138, guid: fff8356252ea53944a12164768d9b558,
        type: 3}
      propertyPath: m_RootOrder
      value: 0
      objectReference: {fileID: 0}
    - target: {fileID: 6391699724059656138, guid: fff8356252ea53944a12164768d9b558,
        type: 3}
      propertyPath: m_LocalPosition.x
      value: 0
      objectReference: {fileID: 0}
    - target: {fileID: 6391699724059656138, guid: fff8356252ea53944a12164768d9b558,
        type: 3}
      propertyPath: m_LocalPosition.y
      value: 0
      objectReference: {fileID: 0}
    - target: {fileID: 6391699724059656138, guid: fff8356252ea53944a12164768d9b558,
        type: 3}
      propertyPath: m_LocalPosition.z
      value: 0
      objectReference: {fileID: 0}
    - target: {fileID: 6391699724059656138, guid: fff8356252ea53944a12164768d9b558,
        type: 3}
      propertyPath: m_LocalRotation.w
      value: 1
      objectReference: {fileID: 0}
    - target: {fileID: 6391699724059656138, guid: fff8356252ea53944a12164768d9b558,
        type: 3}
      propertyPath: m_LocalRotation.x
      value: -0
      objectReference: {fileID: 0}
    - target: {fileID: 6391699724059656138, guid: fff8356252ea53944a12164768d9b558,
        type: 3}
      propertyPath: m_LocalRotation.y
      value: -0
      objectReference: {fileID: 0}
    - target: {fileID: 6391699724059656138, guid: fff8356252ea53944a12164768d9b558,
        type: 3}
      propertyPath: m_LocalRotation.z
      value: -0
      objectReference: {fileID: 0}
    - target: {fileID: 6391699724059656138, guid: fff8356252ea53944a12164768d9b558,
        type: 3}
      propertyPath: m_LocalEulerAnglesHint.x
      value: 0
      objectReference: {fileID: 0}
    - target: {fileID: 6391699724059656138, guid: fff8356252ea53944a12164768d9b558,
        type: 3}
      propertyPath: m_LocalEulerAnglesHint.y
      value: 0
      objectReference: {fileID: 0}
    - target: {fileID: 6391699724059656138, guid: fff8356252ea53944a12164768d9b558,
        type: 3}
      propertyPath: m_LocalEulerAnglesHint.z
      value: 0
      objectReference: {fileID: 0}
    - target: {fileID: 8454782418898906193, guid: fff8356252ea53944a12164768d9b558,
        type: 3}
      propertyPath: m_RootOrder
      value: 2
      objectReference: {fileID: 0}
    - target: {fileID: 8454782418898906193, guid: fff8356252ea53944a12164768d9b558,
        type: 3}
      propertyPath: m_LocalScale.x
      value: 2.2639
      objectReference: {fileID: 0}
    - target: {fileID: 8454782418898906193, guid: fff8356252ea53944a12164768d9b558,
        type: 3}
      propertyPath: m_LocalScale.y
      value: 2.2639
      objectReference: {fileID: 0}
    - target: {fileID: 8454782418898906193, guid: fff8356252ea53944a12164768d9b558,
        type: 3}
      propertyPath: m_LocalScale.z
      value: 2.2639
      objectReference: {fileID: 0}
    - target: {fileID: 8454782418898906193, guid: fff8356252ea53944a12164768d9b558,
        type: 3}
      propertyPath: m_LocalPosition.x
      value: 1.03
      objectReference: {fileID: 0}
    - target: {fileID: 8554362572521944820, guid: fff8356252ea53944a12164768d9b558,
        type: 3}
      propertyPath: m_Sprite
      value: 
      objectReference: {fileID: 21300000, guid: a6e5a1730980704429f4db829671d520,
        type: 3}
    - target: {fileID: 8554362572521944820, guid: fff8356252ea53944a12164768d9b558,
        type: 3}
      propertyPath: m_Color.b
      value: 1
      objectReference: {fileID: 0}
    - target: {fileID: 8554362572521944820, guid: fff8356252ea53944a12164768d9b558,
        type: 3}
      propertyPath: m_Color.g
      value: 0.5091968
      objectReference: {fileID: 0}
    - target: {fileID: 8554362572521944820, guid: fff8356252ea53944a12164768d9b558,
        type: 3}
      propertyPath: m_Color.r
      value: 0.41037738
      objectReference: {fileID: 0}
    m_RemovedComponents: []
  m_SourcePrefab: {fileID: 100100000, guid: fff8356252ea53944a12164768d9b558, type: 3}
--- !u!1 &4516262015156334693 stripped
GameObject:
  m_CorrespondingSourceObject: {fileID: 1417693665624029033, guid: fff8356252ea53944a12164768d9b558,
    type: 3}
  m_PrefabInstance: {fileID: 3242684912333801228}
  m_PrefabAsset: {fileID: 0}
--- !u!4 &8481322323094632646 stripped
Transform:
  m_CorrespondingSourceObject: {fileID: 6391699724059656138, guid: fff8356252ea53944a12164768d9b558,
    type: 3}
  m_PrefabInstance: {fileID: 3242684912333801228}
  m_PrefabAsset: {fileID: 0}
--- !u!1001 &5845362035709232634
PrefabInstance:
  m_ObjectHideFlags: 0
  serializedVersion: 2
  m_Modification:
    m_TransformParent: {fileID: 2165514588335613421}
    m_Modifications:
    - target: {fileID: 689510300437275485, guid: dca9179974daf7a4d8d98d35eb8f478d,
        type: 3}
      propertyPath: m_LocalPosition.z
      value: 0
      objectReference: {fileID: 0}
    - target: {fileID: 1131771516961610640, guid: dca9179974daf7a4d8d98d35eb8f478d,
        type: 3}
      propertyPath: m_LocalPosition.z
      value: 0
      objectReference: {fileID: 0}
    - target: {fileID: 2163513762350515490, guid: dca9179974daf7a4d8d98d35eb8f478d,
        type: 3}
      propertyPath: m_LocalPosition.z
      value: 0
      objectReference: {fileID: 0}
    - target: {fileID: 3129434900685306505, guid: dca9179974daf7a4d8d98d35eb8f478d,
        type: 3}
      propertyPath: m_LocalPosition.z
      value: 0
      objectReference: {fileID: 0}
    - target: {fileID: 3183988346367898925, guid: dca9179974daf7a4d8d98d35eb8f478d,
        type: 3}
      propertyPath: m_Name
      value: room_main (1)
      objectReference: {fileID: 0}
    - target: {fileID: 3183988346367898926, guid: dca9179974daf7a4d8d98d35eb8f478d,
        type: 3}
      propertyPath: m_RootOrder
      value: 1
      objectReference: {fileID: 0}
    - target: {fileID: 3183988346367898926, guid: dca9179974daf7a4d8d98d35eb8f478d,
        type: 3}
      propertyPath: m_LocalPosition.x
      value: 1.0002
      objectReference: {fileID: 0}
    - target: {fileID: 3183988346367898926, guid: dca9179974daf7a4d8d98d35eb8f478d,
        type: 3}
      propertyPath: m_LocalPosition.y
      value: -0.00038147
      objectReference: {fileID: 0}
    - target: {fileID: 3183988346367898926, guid: dca9179974daf7a4d8d98d35eb8f478d,
        type: 3}
      propertyPath: m_LocalPosition.z
      value: 0.00010681
      objectReference: {fileID: 0}
    - target: {fileID: 3183988346367898926, guid: dca9179974daf7a4d8d98d35eb8f478d,
        type: 3}
      propertyPath: m_LocalRotation.w
      value: 1
      objectReference: {fileID: 0}
    - target: {fileID: 3183988346367898926, guid: dca9179974daf7a4d8d98d35eb8f478d,
        type: 3}
      propertyPath: m_LocalRotation.x
      value: 0
      objectReference: {fileID: 0}
    - target: {fileID: 3183988346367898926, guid: dca9179974daf7a4d8d98d35eb8f478d,
        type: 3}
      propertyPath: m_LocalRotation.y
      value: 0
      objectReference: {fileID: 0}
    - target: {fileID: 3183988346367898926, guid: dca9179974daf7a4d8d98d35eb8f478d,
        type: 3}
      propertyPath: m_LocalRotation.z
      value: 0
      objectReference: {fileID: 0}
    - target: {fileID: 3183988346367898926, guid: dca9179974daf7a4d8d98d35eb8f478d,
        type: 3}
      propertyPath: m_LocalEulerAnglesHint.x
      value: 0
      objectReference: {fileID: 0}
    - target: {fileID: 3183988346367898926, guid: dca9179974daf7a4d8d98d35eb8f478d,
        type: 3}
      propertyPath: m_LocalEulerAnglesHint.y
      value: 0
      objectReference: {fileID: 0}
    - target: {fileID: 3183988346367898926, guid: dca9179974daf7a4d8d98d35eb8f478d,
        type: 3}
      propertyPath: m_LocalEulerAnglesHint.z
      value: 0
      objectReference: {fileID: 0}
    - target: {fileID: 3471276378734426304, guid: dca9179974daf7a4d8d98d35eb8f478d,
        type: 3}
      propertyPath: m_LocalPosition.z
      value: 0
      objectReference: {fileID: 0}
    - target: {fileID: 5045115371714508276, guid: dca9179974daf7a4d8d98d35eb8f478d,
        type: 3}
      propertyPath: m_LocalPosition.z
      value: 0
      objectReference: {fileID: 0}
    - target: {fileID: 6222688004276242714, guid: dca9179974daf7a4d8d98d35eb8f478d,
        type: 3}
      propertyPath: m_LocalPosition.z
      value: 0
      objectReference: {fileID: 0}
    - target: {fileID: 6368545684721599234, guid: dca9179974daf7a4d8d98d35eb8f478d,
        type: 3}
      propertyPath: m_LocalPosition.z
      value: 0
      objectReference: {fileID: 0}
    - target: {fileID: 8543678910675544182, guid: dca9179974daf7a4d8d98d35eb8f478d,
        type: 3}
      propertyPath: m_LocalPosition.z
      value: 0
      objectReference: {fileID: 0}
    - target: {fileID: 8548851203385084076, guid: dca9179974daf7a4d8d98d35eb8f478d,
        type: 3}
      propertyPath: m_LocalPosition.z
      value: 0
      objectReference: {fileID: 0}
    m_RemovedComponents: []
  m_SourcePrefab: {fileID: 100100000, guid: dca9179974daf7a4d8d98d35eb8f478d, type: 3}
--- !u!4 &9021036905872830676 stripped
Transform:
  m_CorrespondingSourceObject: {fileID: 3183988346367898926, guid: dca9179974daf7a4d8d98d35eb8f478d,
    type: 3}
  m_PrefabInstance: {fileID: 5845362035709232634}
  m_PrefabAsset: {fileID: 0}
--- !u!1001 &9148100537675037302
PrefabInstance:
  m_ObjectHideFlags: 0
  serializedVersion: 2
  m_Modification:
    m_TransformParent: {fileID: 8481322323094632646}
    m_Modifications:
    - target: {fileID: 3827401120674770307, guid: ab2609a0cfac8fb4ebe15482fea3d255,
        type: 3}
      propertyPath: m_RootOrder
      value: 1
      objectReference: {fileID: 0}
    - target: {fileID: 3827401120674770307, guid: ab2609a0cfac8fb4ebe15482fea3d255,
        type: 3}
      propertyPath: m_LocalPosition.x
      value: 19
      objectReference: {fileID: 0}
    - target: {fileID: 3827401120674770307, guid: ab2609a0cfac8fb4ebe15482fea3d255,
        type: 3}
      propertyPath: m_LocalPosition.y
      value: -1.5
      objectReference: {fileID: 0}
    - target: {fileID: 3827401120674770307, guid: ab2609a0cfac8fb4ebe15482fea3d255,
        type: 3}
      propertyPath: m_LocalPosition.z
      value: 6
      objectReference: {fileID: 0}
    - target: {fileID: 3827401120674770307, guid: ab2609a0cfac8fb4ebe15482fea3d255,
        type: 3}
      propertyPath: m_LocalRotation.w
      value: 0.7071068
      objectReference: {fileID: 0}
    - target: {fileID: 3827401120674770307, guid: ab2609a0cfac8fb4ebe15482fea3d255,
        type: 3}
      propertyPath: m_LocalRotation.x
      value: 0
      objectReference: {fileID: 0}
    - target: {fileID: 3827401120674770307, guid: ab2609a0cfac8fb4ebe15482fea3d255,
        type: 3}
      propertyPath: m_LocalRotation.y
      value: 0.7071068
      objectReference: {fileID: 0}
    - target: {fileID: 3827401120674770307, guid: ab2609a0cfac8fb4ebe15482fea3d255,
        type: 3}
      propertyPath: m_LocalRotation.z
      value: 0
      objectReference: {fileID: 0}
    - target: {fileID: 3827401120674770307, guid: ab2609a0cfac8fb4ebe15482fea3d255,
        type: 3}
      propertyPath: m_LocalEulerAnglesHint.x
      value: 0
      objectReference: {fileID: 0}
    - target: {fileID: 3827401120674770307, guid: ab2609a0cfac8fb4ebe15482fea3d255,
        type: 3}
      propertyPath: m_LocalEulerAnglesHint.y
      value: 90
      objectReference: {fileID: 0}
    - target: {fileID: 3827401120674770307, guid: ab2609a0cfac8fb4ebe15482fea3d255,
        type: 3}
      propertyPath: m_LocalEulerAnglesHint.z
      value: 0
      objectReference: {fileID: 0}
    - target: {fileID: 8935671478945291720, guid: ab2609a0cfac8fb4ebe15482fea3d255,
        type: 3}
      propertyPath: m_Name
      value: Pathway (1)
      objectReference: {fileID: 0}
    - target: {fileID: 8935671478945291720, guid: ab2609a0cfac8fb4ebe15482fea3d255,
        type: 3}
      propertyPath: m_Layer
      value: 17
      objectReference: {fileID: 0}
    m_RemovedComponents: []
  m_SourcePrefab: {fileID: 100100000, guid: ab2609a0cfac8fb4ebe15482fea3d255, type: 3}
--- !u!114 &6558252811859007741 stripped
MonoBehaviour:
  m_CorrespondingSourceObject: {fileID: 2735669416405377675, guid: ab2609a0cfac8fb4ebe15482fea3d255,
    type: 3}
  m_PrefabInstance: {fileID: 9148100537675037302}
  m_PrefabAsset: {fileID: 0}
  m_GameObject: {fileID: 0}
  m_Enabled: 1
  m_EditorHideFlags: 0
  m_Script: {fileID: 11500000, guid: e99ae58be9ce0e545bc4c3ad8fee5074, type: 3}
  m_Name: 
  m_EditorClassIdentifier: 
