%YAML 1.1
%TAG !u! tag:unity3d.com,2011:
--- !u!64 &8528553941887368221
MeshCollider:
  m_ObjectHideFlags: 0
  m_CorrespondingSourceObject: {fileID: 0}
  m_PrefabInstance: {fileID: 0}
  m_PrefabAsset: {fileID: 0}
  m_GameObject: {fileID: 3497114253627005796}
  m_Material: {fileID: 0}
  m_IsTrigger: 0
  m_Enabled: 1
  serializedVersion: 4
  m_Convex: 0
  m_CookingOptions: 30
  m_Mesh: {fileID: -2750377418649178211, guid: 1009dcb8e382b494b839ecb94523589b, type: 3}
--- !u!1 &7012574763841493145
GameObject:
  m_ObjectHideFlags: 0
  m_CorrespondingSourceObject: {fileID: 0}
  m_PrefabInstance: {fileID: 0}
  m_PrefabAsset: {fileID: 0}
  serializedVersion: 6
  m_Component:
  - component: {fileID: 8631983801892507468}
  m_Layer: 28
  m_Name: prop_counter_mirrored
  m_TagString: Untagged
  m_Icon: {fileID: 0}
  m_NavMeshLayer: 0
  m_StaticEditorFlags: 0
  m_IsActive: 1
--- !u!4 &8631983801892507468
Transform:
  m_ObjectHideFlags: 0
  m_CorrespondingSourceObject: {fileID: 0}
  m_PrefabInstance: {fileID: 0}
  m_PrefabAsset: {fileID: 0}
  m_GameObject: {fileID: 7012574763841493145}
  m_LocalRotation: {x: 0, y: 0, z: 0, w: 1}
  m_LocalPosition: {x: 0, y: 0, z: 0}
  m_LocalScale: {x: 1, y: 1, z: 1}
  m_Children:
  - {fileID: 7443813188372823902}
  - {fileID: 5991737615430761597}
  m_Father: {fileID: 0}
  m_RootOrder: 0
  m_LocalEulerAnglesHint: {x: 0, y: 0, z: 0}
--- !u!1001 &1075679915978936244
PrefabInstance:
  m_ObjectHideFlags: 0
  serializedVersion: 2
  m_Modification:
    m_TransformParent: {fileID: 8631983801892507468}
    m_Modifications:
    - target: {fileID: 4779283977672026613, guid: 85726c0ab06bdd64f81865a034444868,
        type: 3}
      propertyPath: m_Name
      value: Spawner [RESOURCE]
      objectReference: {fileID: 0}
    - target: {fileID: 6758628374533043145, guid: 85726c0ab06bdd64f81865a034444868,
        type: 3}
      propertyPath: m_RootOrder
      value: 1
      objectReference: {fileID: 0}
    - target: {fileID: 6758628374533043145, guid: 85726c0ab06bdd64f81865a034444868,
        type: 3}
      propertyPath: m_LocalPosition.x
      value: 1.082
      objectReference: {fileID: 0}
    - target: {fileID: 6758628374533043145, guid: 85726c0ab06bdd64f81865a034444868,
        type: 3}
      propertyPath: m_LocalPosition.y
      value: -0.35386
      objectReference: {fileID: 0}
    - target: {fileID: 6758628374533043145, guid: 85726c0ab06bdd64f81865a034444868,
        type: 3}
      propertyPath: m_LocalPosition.z
      value: -0.355
      objectReference: {fileID: 0}
    - target: {fileID: 6758628374533043145, guid: 85726c0ab06bdd64f81865a034444868,
        type: 3}
      propertyPath: m_LocalRotation.w
      value: 1
      objectReference: {fileID: 0}
    - target: {fileID: 6758628374533043145, guid: 85726c0ab06bdd64f81865a034444868,
        type: 3}
      propertyPath: m_LocalRotation.x
      value: -0
      objectReference: {fileID: 0}
    - target: {fileID: 6758628374533043145, guid: 85726c0ab06bdd64f81865a034444868,
        type: 3}
      propertyPath: m_LocalRotation.y
      value: -0
      objectReference: {fileID: 0}
    - target: {fileID: 6758628374533043145, guid: 85726c0ab06bdd64f81865a034444868,
        type: 3}
      propertyPath: m_LocalRotation.z
      value: -0
      objectReference: {fileID: 0}
    - target: {fileID: 6758628374533043145, guid: 85726c0ab06bdd64f81865a034444868,
        type: 3}
      propertyPath: m_LocalEulerAnglesHint.x
      value: 0
      objectReference: {fileID: 0}
    - target: {fileID: 6758628374533043145, guid: 85726c0ab06bdd64f81865a034444868,
        type: 3}
      propertyPath: m_LocalEulerAnglesHint.y
      value: 0
      objectReference: {fileID: 0}
    - target: {fileID: 6758628374533043145, guid: 85726c0ab06bdd64f81865a034444868,
        type: 3}
      propertyPath: m_LocalEulerAnglesHint.z
      value: 0
      objectReference: {fileID: 0}
    m_RemovedComponents: []
  m_SourcePrefab: {fileID: 100100000, guid: 85726c0ab06bdd64f81865a034444868, type: 3}
--- !u!4 &5991737615430761597 stripped
Transform:
  m_CorrespondingSourceObject: {fileID: 6758628374533043145, guid: 85726c0ab06bdd64f81865a034444868,
    type: 3}
  m_PrefabInstance: {fileID: 1075679915978936244}
  m_PrefabAsset: {fileID: 0}
--- !u!1001 &6973548984516810933
PrefabInstance:
  m_ObjectHideFlags: 0
  serializedVersion: 2
  m_Modification:
    m_TransformParent: {fileID: 8631983801892507468}
    m_Modifications:
    - target: {fileID: -8679921383154817045, guid: 1009dcb8e382b494b839ecb94523589b,
        type: 3}
      propertyPath: m_RootOrder
      value: 0
      objectReference: {fileID: 0}
    - target: {fileID: -8679921383154817045, guid: 1009dcb8e382b494b839ecb94523589b,
        type: 3}
      propertyPath: m_LocalPosition.x
      value: 0
      objectReference: {fileID: 0}
    - target: {fileID: -8679921383154817045, guid: 1009dcb8e382b494b839ecb94523589b,
        type: 3}
      propertyPath: m_LocalPosition.y
      value: 0
      objectReference: {fileID: 0}
    - target: {fileID: -8679921383154817045, guid: 1009dcb8e382b494b839ecb94523589b,
        type: 3}
      propertyPath: m_LocalPosition.z
      value: 0
      objectReference: {fileID: 0}
    - target: {fileID: -8679921383154817045, guid: 1009dcb8e382b494b839ecb94523589b,
        type: 3}
      propertyPath: m_LocalRotation.w
      value: 1
      objectReference: {fileID: 0}
    - target: {fileID: -8679921383154817045, guid: 1009dcb8e382b494b839ecb94523589b,
        type: 3}
      propertyPath: m_LocalRotation.x
      value: -0
      objectReference: {fileID: 0}
    - target: {fileID: -8679921383154817045, guid: 1009dcb8e382b494b839ecb94523589b,
        type: 3}
      propertyPath: m_LocalRotation.y
      value: -0
      objectReference: {fileID: 0}
    - target: {fileID: -8679921383154817045, guid: 1009dcb8e382b494b839ecb94523589b,
        type: 3}
      propertyPath: m_LocalRotation.z
      value: -0
      objectReference: {fileID: 0}
    - target: {fileID: -8679921383154817045, guid: 1009dcb8e382b494b839ecb94523589b,
        type: 3}
      propertyPath: m_LocalEulerAnglesHint.x
      value: 0
      objectReference: {fileID: 0}
    - target: {fileID: -8679921383154817045, guid: 1009dcb8e382b494b839ecb94523589b,
        type: 3}
      propertyPath: m_LocalEulerAnglesHint.y
      value: 0
      objectReference: {fileID: 0}
    - target: {fileID: -8679921383154817045, guid: 1009dcb8e382b494b839ecb94523589b,
        type: 3}
      propertyPath: m_LocalEulerAnglesHint.z
      value: 0
      objectReference: {fileID: 0}
    - target: {fileID: -3436462878829476911, guid: 1009dcb8e382b494b839ecb94523589b,
        type: 3}
      propertyPath: m_Layer
      value: 28
      objectReference: {fileID: 0}
    - target: {fileID: -3436462878829476911, guid: 1009dcb8e382b494b839ecb94523589b,
        type: 3}
      propertyPath: m_StaticEditorFlags
      value: 4294967295
      objectReference: {fileID: 0}
    - target: {fileID: 919132149155446097, guid: 1009dcb8e382b494b839ecb94523589b,
        type: 3}
      propertyPath: m_Name
      value: prop_counter_mirrored
      objectReference: {fileID: 0}
    - target: {fileID: 919132149155446097, guid: 1009dcb8e382b494b839ecb94523589b,
        type: 3}
      propertyPath: m_Layer
      value: 28
      objectReference: {fileID: 0}
    - target: {fileID: 919132149155446097, guid: 1009dcb8e382b494b839ecb94523589b,
        type: 3}
      propertyPath: m_StaticEditorFlags
      value: 4294967295
      objectReference: {fileID: 0}
    - target: {fileID: 7399528117802045030, guid: 1009dcb8e382b494b839ecb94523589b,
        type: 3}
      propertyPath: m_Materials.Array.data[0]
      value: 
      objectReference: {fileID: 2100000, guid: 9b9a0fec2aa5ed64c95fa90c0b1e5584, type: 2}
    m_RemovedComponents: []
  m_SourcePrefab: {fileID: 100100000, guid: 1009dcb8e382b494b839ecb94523589b, type: 3}
--- !u!4 &7443813188372823902 stripped
Transform:
  m_CorrespondingSourceObject: {fileID: -8679921383154817045, guid: 1009dcb8e382b494b839ecb94523589b,
    type: 3}
  m_PrefabInstance: {fileID: 6973548984516810933}
  m_PrefabAsset: {fileID: 0}
--- !u!1 &3497114253627005796 stripped
GameObject:
  m_CorrespondingSourceObject: {fileID: -3436462878829476911, guid: 1009dcb8e382b494b839ecb94523589b,
    type: 3}
  m_PrefabInstance: {fileID: 6973548984516810933}
  m_PrefabAsset: {fileID: 0}
