%YAML 1.1
%TAG !u! tag:unity3d.com,2011:
--- !u!1 &751291230561690630
GameObject:
  m_ObjectHideFlags: 0
  m_CorrespondingSourceObject: {fileID: 0}
  m_PrefabInstance: {fileID: 0}
  m_PrefabAsset: {fileID: 0}
  serializedVersion: 6
  m_Component:
  - component: {fileID: 7350175106584362726}
  - component: {fileID: 7680210361373688097}
  - component: {fileID: 4256193395229591261}
  m_Layer: 16
  m_Name: Object108 (1)
  m_TagString: Untagged
  m_Icon: {fileID: 0}
  m_NavMeshLayer: 0
  m_StaticEditorFlags: 4294967295
  m_IsActive: 1
--- !u!4 &7350175106584362726
Transform:
  m_ObjectHideFlags: 0
  m_CorrespondingSourceObject: {fileID: 0}
  m_PrefabInstance: {fileID: 0}
  m_PrefabAsset: {fileID: 0}
  m_GameObject: {fileID: 751291230561690630}
  m_LocalRotation: {x: 1, y: 0.0000010132788, z: -0.0000015646218, w: 1.5205612e-12}
  m_LocalPosition: {x: 0, y: 0, z: -0.022}
  m_LocalScale: {x: 1, y: 1, z: 1}
  m_Children: []
  m_Father: {fileID: 8638402221156282627}
  m_RootOrder: 1
  m_LocalEulerAnglesHint: {x: 0, y: 179.99998, z: 180.00002}
--- !u!33 &7680210361373688097
MeshFilter:
  m_ObjectHideFlags: 0
  m_CorrespondingSourceObject: {fileID: 0}
  m_PrefabInstance: {fileID: 0}
  m_PrefabAsset: {fileID: 0}
  m_GameObject: {fileID: 751291230561690630}
  m_Mesh: {fileID: 2568168430243121830, guid: dbd8ec16307cde94f8bb3e34eb3c27c2, type: 3}
--- !u!23 &4256193395229591261
MeshRenderer:
  m_ObjectHideFlags: 0
  m_CorrespondingSourceObject: {fileID: 0}
  m_PrefabInstance: {fileID: 0}
  m_PrefabAsset: {fileID: 0}
  m_GameObject: {fileID: 751291230561690630}
  m_Enabled: 1
  m_CastShadows: 1
  m_ReceiveShadows: 1
  m_DynamicOccludee: 1
  m_MotionVectors: 1
  m_LightProbeUsage: 1
  m_ReflectionProbeUsage: 1
  m_RayTracingMode: 2
  m_RenderingLayerMask: 1
  m_RendererPriority: 0
  m_Materials:
  - {fileID: 2100000, guid: 69b753d953d270942b0725f887440cf4, type: 2}
  m_StaticBatchInfo:
    firstSubMesh: 0
    subMeshCount: 0
  m_StaticBatchRoot: {fileID: 0}
  m_ProbeAnchor: {fileID: 0}
  m_LightProbeVolumeOverride: {fileID: 0}
  m_ScaleInLightmap: 1
  m_ReceiveGI: 1
  m_PreserveUVs: 0
  m_IgnoreNormalsForChartDetection: 0
  m_ImportantGI: 0
  m_StitchLightmapSeams: 1
  m_SelectedEditorRenderState: 3
  m_MinimumChartSize: 4
  m_AutoUVMaxDistance: 0.5
  m_AutoUVMaxAngle: 89
  m_LightmapParameters: {fileID: 0}
  m_SortingLayerID: 0
  m_SortingLayer: 0
  m_SortingOrder: 0
--- !u!65 &5598205431706571624
BoxCollider:
  m_ObjectHideFlags: 0
  m_CorrespondingSourceObject: {fileID: 0}
  m_PrefabInstance: {fileID: 0}
  m_PrefabAsset: {fileID: 0}
  m_GameObject: {fileID: 3582626139198304265}
  m_Material: {fileID: 0}
  m_IsTrigger: 0
  m_Enabled: 0
  serializedVersion: 2
  m_Size: {x: 1, y: 2, z: 0.09732806}
  m_Center: {x: 0, y: 0, z: -0.0042982064}
--- !u!1 &7138995604823790227
GameObject:
  m_ObjectHideFlags: 0
  m_CorrespondingSourceObject: {fileID: 0}
  m_PrefabInstance: {fileID: 0}
  m_PrefabAsset: {fileID: 0}
  serializedVersion: 6
  m_Component:
  - component: {fileID: 871723355374494820}
  m_Layer: 0
  m_Name: prop_wires
  m_TagString: Untagged
  m_Icon: {fileID: 0}
  m_NavMeshLayer: 0
  m_StaticEditorFlags: 0
  m_IsActive: 1
--- !u!4 &871723355374494820
Transform:
  m_ObjectHideFlags: 0
  m_CorrespondingSourceObject: {fileID: 0}
  m_PrefabInstance: {fileID: 0}
  m_PrefabAsset: {fileID: 0}
  m_GameObject: {fileID: 7138995604823790227}
  m_LocalRotation: {x: 0, y: 0, z: 0, w: 1}
  m_LocalPosition: {x: 0, y: 0, z: 0}
  m_LocalScale: {x: 1, y: 1, z: 1}
  m_Children:
  - {fileID: 8638402221156282627}
  m_Father: {fileID: 0}
  m_RootOrder: 0
  m_LocalEulerAnglesHint: {x: 0, y: 0, z: 0}
--- !u!1001 &8100705176111437544
PrefabInstance:
  m_ObjectHideFlags: 0
  serializedVersion: 2
  m_Modification:
    m_TransformParent: {fileID: 871723355374494820}
    m_Modifications:
    - target: {fileID: -8679921383154817045, guid: dbd8ec16307cde94f8bb3e34eb3c27c2,
        type: 3}
      propertyPath: m_RootOrder
      value: 0
      objectReference: {fileID: 0}
    - target: {fileID: -8679921383154817045, guid: dbd8ec16307cde94f8bb3e34eb3c27c2,
        type: 3}
      propertyPath: m_LocalPosition.x
      value: 0
      objectReference: {fileID: 0}
    - target: {fileID: -8679921383154817045, guid: dbd8ec16307cde94f8bb3e34eb3c27c2,
        type: 3}
      propertyPath: m_LocalPosition.y
      value: 0
      objectReference: {fileID: 0}
    - target: {fileID: -8679921383154817045, guid: dbd8ec16307cde94f8bb3e34eb3c27c2,
        type: 3}
      propertyPath: m_LocalPosition.z
      value: 0
      objectReference: {fileID: 0}
    - target: {fileID: -8679921383154817045, guid: dbd8ec16307cde94f8bb3e34eb3c27c2,
        type: 3}
      propertyPath: m_LocalRotation.w
      value: 1
      objectReference: {fileID: 0}
    - target: {fileID: -8679921383154817045, guid: dbd8ec16307cde94f8bb3e34eb3c27c2,
        type: 3}
      propertyPath: m_LocalRotation.x
      value: -0
      objectReference: {fileID: 0}
    - target: {fileID: -8679921383154817045, guid: dbd8ec16307cde94f8bb3e34eb3c27c2,
        type: 3}
      propertyPath: m_LocalRotation.y
      value: -0
      objectReference: {fileID: 0}
    - target: {fileID: -8679921383154817045, guid: dbd8ec16307cde94f8bb3e34eb3c27c2,
        type: 3}
      propertyPath: m_LocalRotation.z
      value: -0
      objectReference: {fileID: 0}
    - target: {fileID: -8679921383154817045, guid: dbd8ec16307cde94f8bb3e34eb3c27c2,
        type: 3}
      propertyPath: m_LocalEulerAnglesHint.x
      value: 0
      objectReference: {fileID: 0}
    - target: {fileID: -8679921383154817045, guid: dbd8ec16307cde94f8bb3e34eb3c27c2,
        type: 3}
      propertyPath: m_LocalEulerAnglesHint.y
      value: 0
      objectReference: {fileID: 0}
    - target: {fileID: -8679921383154817045, guid: dbd8ec16307cde94f8bb3e34eb3c27c2,
        type: 3}
      propertyPath: m_LocalEulerAnglesHint.z
      value: 0
      objectReference: {fileID: 0}
    - target: {fileID: -4480106303334914335, guid: dbd8ec16307cde94f8bb3e34eb3c27c2,
        type: 3}
      propertyPath: m_Layer
      value: 16
      objectReference: {fileID: 0}
    - target: {fileID: -4480106303334914335, guid: dbd8ec16307cde94f8bb3e34eb3c27c2,
        type: 3}
      propertyPath: m_StaticEditorFlags
      value: 4294967295
      objectReference: {fileID: 0}
    - target: {fileID: 919132149155446097, guid: dbd8ec16307cde94f8bb3e34eb3c27c2,
        type: 3}
      propertyPath: m_Name
      value: prop_wires (2)
      objectReference: {fileID: 0}
    - target: {fileID: 919132149155446097, guid: dbd8ec16307cde94f8bb3e34eb3c27c2,
        type: 3}
      propertyPath: m_Layer
      value: 16
      objectReference: {fileID: 0}
    - target: {fileID: 919132149155446097, guid: dbd8ec16307cde94f8bb3e34eb3c27c2,
        type: 3}
      propertyPath: m_StaticEditorFlags
      value: 4294967295
      objectReference: {fileID: 0}
    - target: {fileID: 8821778541516439901, guid: dbd8ec16307cde94f8bb3e34eb3c27c2,
        type: 3}
      propertyPath: m_CastShadows
      value: 2
      objectReference: {fileID: 0}
    - target: {fileID: 8821778541516439901, guid: dbd8ec16307cde94f8bb3e34eb3c27c2,
        type: 3}
      propertyPath: m_Materials.Array.data[0]
      value: 
      objectReference: {fileID: 2100000, guid: 69b753d953d270942b0725f887440cf4, type: 2}
    m_RemovedComponents: []
  m_SourcePrefab: {fileID: 100100000, guid: dbd8ec16307cde94f8bb3e34eb3c27c2, type: 3}
--- !u!4 &8638402221156282627 stripped
Transform:
  m_CorrespondingSourceObject: {fileID: -8679921383154817045, guid: dbd8ec16307cde94f8bb3e34eb3c27c2,
    type: 3}
  m_PrefabInstance: {fileID: 8100705176111437544}
  m_PrefabAsset: {fileID: 0}
--- !u!1 &3582626139198304265 stripped
GameObject:
  m_CorrespondingSourceObject: {fileID: -4480106303334914335, guid: dbd8ec16307cde94f8bb3e34eb3c27c2,
    type: 3}
  m_PrefabInstance: {fileID: 8100705176111437544}
  m_PrefabAsset: {fileID: 0}
