%YAML 1.1
%TAG !u! tag:unity3d.com,2011:
--- !u!1 &290612335962896108
GameObject:
  m_ObjectHideFlags: 0
  m_CorrespondingSourceObject: {fileID: 0}
  m_PrefabInstance: {fileID: 0}
  m_PrefabAsset: {fileID: 0}
  serializedVersion: 6
  m_Component:
  - component: {fileID: 5048846812701822894}
  - component: {fileID: 6595602190125550068}
  m_Layer: 0
  m_Name: brokensound
  m_TagString: Untagged
  m_Icon: {fileID: 0}
  m_NavMeshLayer: 0
  m_StaticEditorFlags: 0
  m_IsActive: 1
--- !u!4 &5048846812701822894
Transform:
  m_ObjectHideFlags: 0
  m_CorrespondingSourceObject: {fileID: 0}
  m_PrefabInstance: {fileID: 0}
  m_PrefabAsset: {fileID: 0}
  m_GameObject: {fileID: 290612335962896108}
  m_LocalRotation: {x: 0, y: 0, z: 0, w: 1}
  m_LocalPosition: {x: 0, y: 1.172, z: 0}
  m_LocalScale: {x: 1, y: 1, z: 1}
  m_Children: []
  m_Father: {fileID: 6652106082081731672}
  m_RootOrder: 2
  m_LocalEulerAnglesHint: {x: 0, y: 0, z: 0}
--- !u!82 &6595602190125550068
AudioSource:
  m_ObjectHideFlags: 0
  m_CorrespondingSourceObject: {fileID: 0}
  m_PrefabInstance: {fileID: 0}
  m_PrefabAsset: {fileID: 0}
  m_GameObject: {fileID: 290612335962896108}
  m_Enabled: 1
  serializedVersion: 4
  OutputAudioMixerGroup: {fileID: 0}
  m_audioClip: {fileID: 8300000, guid: bd842235434e745488fb8bd86a736cfd, type: 3}
  m_PlayOnAwake: 0
  m_Volume: 0.25
  m_Pitch: 1
  Loop: 0
  Mute: 0
  Spatialize: 0
  SpatializePostEffects: 0
  Priority: 128
  DopplerLevel: 0
  MinDistance: 1
  MaxDistance: 10
  Pan2D: 0
  rolloffMode: 1
  BypassEffects: 0
  BypassListenerEffects: 0
  BypassReverbZones: 0
  rolloffCustomCurve:
    serializedVersion: 2
    m_Curve:
    - serializedVersion: 3
      time: 0
      value: 1
      inSlope: 0
      outSlope: 0
      tangentMode: 0
      weightedMode: 0
      inWeight: 0.33333334
      outWeight: 0.33333334
    - serializedVersion: 3
      time: 1
      value: 0
      inSlope: 0
      outSlope: 0
      tangentMode: 0
      weightedMode: 0
      inWeight: 0.33333334
      outWeight: 0.33333334
    m_PreInfinity: 2
    m_PostInfinity: 2
    m_RotationOrder: 4
  panLevelCustomCurve:
    serializedVersion: 2
    m_Curve:
    - serializedVersion: 3
      time: 0
      value: 1
      inSlope: 0
      outSlope: 0
      tangentMode: 0
      weightedMode: 0
      inWeight: 0.33333334
      outWeight: 0.33333334
    m_PreInfinity: 2
    m_PostInfinity: 2
    m_RotationOrder: 4
  spreadCustomCurve:
    serializedVersion: 2
    m_Curve:
    - serializedVersion: 3
      time: 0
      value: 0
      inSlope: 0
      outSlope: 0
      tangentMode: 0
      weightedMode: 0
      inWeight: 0.33333334
      outWeight: 0.33333334
    m_PreInfinity: 2
    m_PostInfinity: 2
    m_RotationOrder: 4
  reverbZoneMixCustomCurve:
    serializedVersion: 2
    m_Curve:
    - serializedVersion: 3
      time: 0
      value: 1
      inSlope: 0
      outSlope: 0
      tangentMode: 0
      weightedMode: 0
      inWeight: 0.33333334
      outWeight: 0.33333334
    m_PreInfinity: 2
    m_PostInfinity: 2
    m_RotationOrder: 4
--- !u!1 &710568777349559757
GameObject:
  m_ObjectHideFlags: 0
  m_CorrespondingSourceObject: {fileID: 0}
  m_PrefabInstance: {fileID: 0}
  m_PrefabAsset: {fileID: 0}
  serializedVersion: 6
  m_Component:
  - component: {fileID: 1512032482135257728}
  - component: {fileID: 6927734020547316151}
  - component: {fileID: 6602678984826705483}
  - component: {fileID: 2478453556571625642}
  - component: {fileID: 566480324822089316}
  - component: {fileID: 3371244008655292907}
  m_Layer: 0
  m_Name: item3
  m_TagString: Untagged
  m_Icon: {fileID: 0}
  m_NavMeshLayer: 0
  m_StaticEditorFlags: 4294967295
  m_IsActive: 1
--- !u!4 &1512032482135257728
Transform:
  m_ObjectHideFlags: 0
  m_CorrespondingSourceObject: {fileID: 0}
  m_PrefabInstance: {fileID: 0}
  m_PrefabAsset: {fileID: 0}
  m_GameObject: {fileID: 710568777349559757}
  m_LocalRotation: {x: -0, y: -0, z: -0, w: 1}
  m_LocalPosition: {x: 0, y: 0.71, z: 0.367}
  m_LocalScale: {x: 1, y: 1, z: 1}
  m_Children: []
  m_Father: {fileID: 941623598685589550}
  m_RootOrder: 3
  m_LocalEulerAnglesHint: {x: 0, y: 0, z: 0}
--- !u!33 &6927734020547316151
MeshFilter:
  m_ObjectHideFlags: 0
  m_CorrespondingSourceObject: {fileID: 0}
  m_PrefabInstance: {fileID: 0}
  m_PrefabAsset: {fileID: 0}
  m_GameObject: {fileID: 710568777349559757}
  m_Mesh: {fileID: 2774008743000067933, guid: 36e1a7284086d2845af9c718f4c48e7b, type: 3}
--- !u!23 &6602678984826705483
MeshRenderer:
  m_ObjectHideFlags: 0
  m_CorrespondingSourceObject: {fileID: 0}
  m_PrefabInstance: {fileID: 0}
  m_PrefabAsset: {fileID: 0}
  m_GameObject: {fileID: 710568777349559757}
  m_Enabled: 1
  m_CastShadows: 1
  m_ReceiveShadows: 1
  m_DynamicOccludee: 1
  m_MotionVectors: 1
  m_LightProbeUsage: 1
  m_ReflectionProbeUsage: 1
  m_RayTracingMode: 2
  m_RenderingLayerMask: 1
  m_RendererPriority: 0
  m_Materials:
  - {fileID: 2100000, guid: 0d523d5176b387941bd85c7e772f1a3c, type: 2}
  m_StaticBatchInfo:
    firstSubMesh: 0
    subMeshCount: 0
  m_StaticBatchRoot: {fileID: 0}
  m_ProbeAnchor: {fileID: 0}
  m_LightProbeVolumeOverride: {fileID: 0}
  m_ScaleInLightmap: 1
  m_ReceiveGI: 1
  m_PreserveUVs: 0
  m_IgnoreNormalsForChartDetection: 0
  m_ImportantGI: 0
  m_StitchLightmapSeams: 1
  m_SelectedEditorRenderState: 3
  m_MinimumChartSize: 4
  m_AutoUVMaxDistance: 0.5
  m_AutoUVMaxAngle: 89
  m_LightmapParameters: {fileID: 0}
  m_SortingLayerID: 0
  m_SortingLayer: 0
  m_SortingOrder: 0
--- !u!65 &2478453556571625642
BoxCollider:
  m_ObjectHideFlags: 0
  m_CorrespondingSourceObject: {fileID: 0}
  m_PrefabInstance: {fileID: 0}
  m_PrefabAsset: {fileID: 0}
  m_GameObject: {fileID: 710568777349559757}
  m_Material: {fileID: 0}
  m_IsTrigger: 0
  m_Enabled: 1
  serializedVersion: 2
  m_Size: {x: 0.3079, y: 0.1969, z: 0.376}
  m_Center: {x: 0.000050000846, y: 0.09845, z: 0}
--- !u!114 &566480324822089316
MonoBehaviour:
  m_ObjectHideFlags: 0
  m_CorrespondingSourceObject: {fileID: 0}
  m_PrefabInstance: {fileID: 0}
  m_PrefabAsset: {fileID: 0}
  m_GameObject: {fileID: 710568777349559757}
  m_Enabled: 1
  m_EditorHideFlags: 0
  m_Script: {fileID: 11500000, guid: 1b6ac860901c8c14283c7310f2661bf9, type: 3}
  m_Name: 
  m_EditorClassIdentifier: 
--- !u!54 &3371244008655292907
Rigidbody:
  m_ObjectHideFlags: 0
  m_CorrespondingSourceObject: {fileID: 0}
  m_PrefabInstance: {fileID: 0}
  m_PrefabAsset: {fileID: 0}
  m_GameObject: {fileID: 710568777349559757}
  serializedVersion: 2
  m_Mass: 1
  m_Drag: 2
  m_AngularDrag: 2
  m_UseGravity: 1
  m_IsKinematic: 0
  m_Interpolate: 0
  m_Constraints: 0
  m_CollisionDetection: 0
--- !u!95 &6285352637199831717
Animator:
  serializedVersion: 3
  m_ObjectHideFlags: 0
  m_CorrespondingSourceObject: {fileID: 0}
  m_PrefabInstance: {fileID: 0}
  m_PrefabAsset: {fileID: 0}
  m_GameObject: {fileID: 1030310271022085534}
  m_Enabled: 1
  m_Avatar: {fileID: 0}
  m_Controller: {fileID: 9100000, guid: a485f2caf0d1ed242bfaafa391173e21, type: 2}
  m_CullingMode: 0
  m_UpdateMode: 0
  m_ApplyRootMotion: 0
  m_LinearVelocityBlending: 0
  m_WarningMessage: 
  m_HasTransformHierarchy: 1
  m_AllowConstantClipSamplingOptimization: 1
  m_KeepAnimatorControllerStateOnDisable: 0
--- !u!1 &1187216410717121788
GameObject:
  m_ObjectHideFlags: 0
  m_CorrespondingSourceObject: {fileID: 0}
  m_PrefabInstance: {fileID: 0}
  m_PrefabAsset: {fileID: 0}
  serializedVersion: 6
  m_Component:
  - component: {fileID: 8567310993590920083}
  - component: {fileID: 6617614881171985190}
  - component: {fileID: 7151071738475071380}
  - component: {fileID: 5185741871322242682}
  - component: {fileID: 4005380041868320364}
  - component: {fileID: 5092784552069241328}
  m_Layer: 0
  m_Name: item4
  m_TagString: Untagged
  m_Icon: {fileID: 0}
  m_NavMeshLayer: 0
  m_StaticEditorFlags: 4294967295
  m_IsActive: 1
--- !u!4 &8567310993590920083
Transform:
  m_ObjectHideFlags: 0
  m_CorrespondingSourceObject: {fileID: 0}
  m_PrefabInstance: {fileID: 0}
  m_PrefabAsset: {fileID: 0}
  m_GameObject: {fileID: 1187216410717121788}
  m_LocalRotation: {x: -0, y: -0, z: -0, w: 1}
  m_LocalPosition: {x: 0, y: 0.833, z: 0.367}
  m_LocalScale: {x: 1, y: 1, z: 1}
  m_Children: []
  m_Father: {fileID: 941623598685589550}
  m_RootOrder: 4
  m_LocalEulerAnglesHint: {x: 0, y: 0, z: 0}
--- !u!33 &6617614881171985190
MeshFilter:
  m_ObjectHideFlags: 0
  m_CorrespondingSourceObject: {fileID: 0}
  m_PrefabInstance: {fileID: 0}
  m_PrefabAsset: {fileID: 0}
  m_GameObject: {fileID: 1187216410717121788}
  m_Mesh: {fileID: -2197103435802380772, guid: 6d2ab9f3fd701e542a6fbf71715818d3, type: 3}
--- !u!23 &7151071738475071380
MeshRenderer:
  m_ObjectHideFlags: 0
  m_CorrespondingSourceObject: {fileID: 0}
  m_PrefabInstance: {fileID: 0}
  m_PrefabAsset: {fileID: 0}
  m_GameObject: {fileID: 1187216410717121788}
  m_Enabled: 1
  m_CastShadows: 1
  m_ReceiveShadows: 1
  m_DynamicOccludee: 1
  m_MotionVectors: 1
  m_LightProbeUsage: 1
  m_ReflectionProbeUsage: 1
  m_RayTracingMode: 2
  m_RenderingLayerMask: 1
  m_RendererPriority: 0
  m_Materials:
  - {fileID: 2100000, guid: 0d523d5176b387941bd85c7e772f1a3c, type: 2}
  m_StaticBatchInfo:
    firstSubMesh: 0
    subMeshCount: 0
  m_StaticBatchRoot: {fileID: 0}
  m_ProbeAnchor: {fileID: 0}
  m_LightProbeVolumeOverride: {fileID: 0}
  m_ScaleInLightmap: 1
  m_ReceiveGI: 1
  m_PreserveUVs: 0
  m_IgnoreNormalsForChartDetection: 0
  m_ImportantGI: 0
  m_StitchLightmapSeams: 1
  m_SelectedEditorRenderState: 3
  m_MinimumChartSize: 4
  m_AutoUVMaxDistance: 0.5
  m_AutoUVMaxAngle: 89
  m_LightmapParameters: {fileID: 0}
  m_SortingLayerID: 0
  m_SortingLayer: 0
  m_SortingOrder: 0
--- !u!65 &5185741871322242682
BoxCollider:
  m_ObjectHideFlags: 0
  m_CorrespondingSourceObject: {fileID: 0}
  m_PrefabInstance: {fileID: 0}
  m_PrefabAsset: {fileID: 0}
  m_GameObject: {fileID: 1187216410717121788}
  m_Material: {fileID: 0}
  m_IsTrigger: 0
  m_Enabled: 1
  serializedVersion: 2
  m_Size: {x: 0.255, y: 0.2696, z: 0.2208}
  m_Center: {x: 0, y: 0.1348, z: 0}
--- !u!114 &4005380041868320364
MonoBehaviour:
  m_ObjectHideFlags: 0
  m_CorrespondingSourceObject: {fileID: 0}
  m_PrefabInstance: {fileID: 0}
  m_PrefabAsset: {fileID: 0}
  m_GameObject: {fileID: 1187216410717121788}
  m_Enabled: 1
  m_EditorHideFlags: 0
  m_Script: {fileID: 11500000, guid: 1b6ac860901c8c14283c7310f2661bf9, type: 3}
  m_Name: 
  m_EditorClassIdentifier: 
--- !u!54 &5092784552069241328
Rigidbody:
  m_ObjectHideFlags: 0
  m_CorrespondingSourceObject: {fileID: 0}
  m_PrefabInstance: {fileID: 0}
  m_PrefabAsset: {fileID: 0}
  m_GameObject: {fileID: 1187216410717121788}
  serializedVersion: 2
  m_Mass: 1
  m_Drag: 2
  m_AngularDrag: 2
  m_UseGravity: 1
  m_IsKinematic: 0
  m_Interpolate: 0
  m_Constraints: 0
  m_CollisionDetection: 0
--- !u!65 &1965817608782629141
BoxCollider:
  m_ObjectHideFlags: 0
  m_CorrespondingSourceObject: {fileID: 0}
  m_PrefabInstance: {fileID: 0}
  m_PrefabAsset: {fileID: 0}
  m_GameObject: {fileID: 1482625566518469116}
  m_Material: {fileID: 0}
  m_IsTrigger: 0
  m_Enabled: 1
  serializedVersion: 2
  m_Size: {x: 0.5075, y: 2.1512, z: 0.50769997}
  m_Center: {x: -0.00095000863, y: 1.0756, z: 0.0038499981}
--- !u!1 &1483396252397499284
GameObject:
  m_ObjectHideFlags: 0
  m_CorrespondingSourceObject: {fileID: 0}
  m_PrefabInstance: {fileID: 0}
  m_PrefabAsset: {fileID: 0}
  serializedVersion: 6
  m_Component:
  - component: {fileID: 6652106082081731672}
  m_Layer: 28
  m_Name: prop_locker 1
  m_TagString: Untagged
  m_Icon: {fileID: 0}
  m_NavMeshLayer: 0
  m_StaticEditorFlags: 0
  m_IsActive: 1
--- !u!4 &6652106082081731672
Transform:
  m_ObjectHideFlags: 0
  m_CorrespondingSourceObject: {fileID: 0}
  m_PrefabInstance: {fileID: 0}
  m_PrefabAsset: {fileID: 0}
  m_GameObject: {fileID: 1483396252397499284}
  m_LocalRotation: {x: 0, y: 0, z: 0, w: 1}
  m_LocalPosition: {x: 0, y: 0, z: 0}
  m_LocalScale: {x: 1, y: 1, z: 1}
  m_Children:
  - {fileID: 4148233046421839409}
  - {fileID: 941623598685589550}
  - {fileID: 5048846812701822894}
  - {fileID: 3961953852602548340}
  m_Father: {fileID: 0}
  m_RootOrder: 0
  m_LocalEulerAnglesHint: {x: 0, y: 0, z: 0}
--- !u!1 &1664955400863191105
GameObject:
  m_ObjectHideFlags: 0
  m_CorrespondingSourceObject: {fileID: 0}
  m_PrefabInstance: {fileID: 0}
  m_PrefabAsset: {fileID: 0}
  serializedVersion: 6
  m_Component:
  - component: {fileID: 4148233046421839409}
  - component: {fileID: 8554190469058970599}
  - component: {fileID: 7725429967238481374}
  - component: {fileID: 300485726228788404}
  m_Layer: 28
  m_Name: not broken
  m_TagString: Untagged
  m_Icon: {fileID: 0}
  m_NavMeshLayer: 0
  m_StaticEditorFlags: 0
  m_IsActive: 1
--- !u!4 &4148233046421839409
Transform:
  m_ObjectHideFlags: 0
  m_CorrespondingSourceObject: {fileID: 0}
  m_PrefabInstance: {fileID: 0}
  m_PrefabAsset: {fileID: 0}
  m_GameObject: {fileID: 1664955400863191105}
  m_LocalRotation: {x: 0, y: 0, z: 0, w: 1}
  m_LocalPosition: {x: 0, y: 0, z: 0}
  m_LocalScale: {x: 1, y: 1, z: 1}
  m_Children:
  - {fileID: 3243195987218165934}
  - {fileID: 2117751328218339121}
  - {fileID: 1437026978319602920}
  - {fileID: 4940858007401054683}
  m_Father: {fileID: 6652106082081731672}
  m_RootOrder: 0
  m_LocalEulerAnglesHint: {x: 0, y: 0, z: 0}
--- !u!65 &8554190469058970599
BoxCollider:
  m_ObjectHideFlags: 0
  m_CorrespondingSourceObject: {fileID: 0}
  m_PrefabInstance: {fileID: 0}
  m_PrefabAsset: {fileID: 0}
  m_GameObject: {fileID: 1664955400863191105}
  m_Material: {fileID: 0}
  m_IsTrigger: 0
  m_Enabled: 1
  serializedVersion: 2
  m_Size: {x: 0.5, y: 2.1512, z: 0.5}
  m_Center: {x: 0, y: 1.0756, z: 0}
--- !u!114 &7725429967238481374
MonoBehaviour:
  m_ObjectHideFlags: 0
  m_CorrespondingSourceObject: {fileID: 0}
  m_PrefabInstance: {fileID: 0}
  m_PrefabAsset: {fileID: 0}
  m_GameObject: {fileID: 1664955400863191105}
  m_Enabled: 1
  m_EditorHideFlags: 0
  m_Script: {fileID: 11500000, guid: 59e39d54e792f3642b5cd3dc4e088eef, type: 3}
  m_Name: 
  m_EditorClassIdentifier: 
  healthRef: {fileID: 300485726228788404}
  damageMod: 1
  onHitEvents:
    m_PersistentCalls:
      m_Calls: []
--- !u!114 &300485726228788404
MonoBehaviour:
  m_ObjectHideFlags: 0
  m_CorrespondingSourceObject: {fileID: 0}
  m_PrefabInstance: {fileID: 0}
  m_PrefabAsset: {fileID: 0}
  m_GameObject: {fileID: 1664955400863191105}
  m_Enabled: 1
  m_EditorHideFlags: 0
  m_Script: {fileID: 11500000, guid: 52388275aa45f3e4598e84c257dce545, type: 3}
  m_Name: 
  m_EditorClassIdentifier: 
  maxHP: 5
  currentHP: 5
  onDieEvent:
    m_PersistentCalls:
      m_Calls:
      - m_Target: {fileID: 1664955400863191105}
        m_MethodName: SetActive
        m_Mode: 6
        m_Arguments:
          m_ObjectArgument: {fileID: 0}
          m_ObjectArgumentAssemblyTypeName: UnityEngine.Object, UnityEngine
          m_IntArgument: 0
          m_FloatArgument: 0
          m_StringArgument: 
          m_BoolArgument: 0
        m_CallState: 2
      - m_Target: {fileID: 5868518590989456341}
        m_MethodName: SetActive
        m_Mode: 6
        m_Arguments:
          m_ObjectArgument: {fileID: 0}
          m_ObjectArgumentAssemblyTypeName: UnityEngine.Object, UnityEngine
          m_IntArgument: 0
          m_FloatArgument: 0
          m_StringArgument: 
          m_BoolArgument: 1
        m_CallState: 2
      - m_Target: {fileID: 6595602190125550068}
        m_MethodName: Play
        m_Mode: 1
        m_Arguments:
          m_ObjectArgument: {fileID: 0}
          m_ObjectArgumentAssemblyTypeName: UnityEngine.Object, UnityEngine
          m_IntArgument: 0
          m_FloatArgument: 0
          m_StringArgument: 
          m_BoolArgument: 0
        m_CallState: 2
      - m_Target: {fileID: 3768081333354277328}
        m_MethodName: Play
        m_Mode: 1
        m_Arguments:
          m_ObjectArgument: {fileID: 0}
          m_ObjectArgumentAssemblyTypeName: UnityEngine.Object, UnityEngine
          m_IntArgument: 0
          m_FloatArgument: 0
          m_StringArgument: 
          m_BoolArgument: 0
        m_CallState: 2
  onDamageEvent:
    m_PersistentCalls:
      m_Calls: []
  deathScore: 0
  deathParticles: {fileID: 0}
--- !u!1 &2854626266904273558
GameObject:
  m_ObjectHideFlags: 0
  m_CorrespondingSourceObject: {fileID: 0}
  m_PrefabInstance: {fileID: 0}
  m_PrefabAsset: {fileID: 0}
  serializedVersion: 6
  m_Component:
  - component: {fileID: 3671159451120139046}
  - component: {fileID: 4600903075734316295}
  - component: {fileID: 2688995800360642729}
  - component: {fileID: 697874605675251758}
  - component: {fileID: 985405592775076374}
  - component: {fileID: 2169771469975233330}
  m_Layer: 0
  m_Name: item1
  m_TagString: Untagged
  m_Icon: {fileID: 0}
  m_NavMeshLayer: 0
  m_StaticEditorFlags: 4294967295
  m_IsActive: 1
--- !u!4 &3671159451120139046
Transform:
  m_ObjectHideFlags: 0
  m_CorrespondingSourceObject: {fileID: 0}
  m_PrefabInstance: {fileID: 0}
  m_PrefabAsset: {fileID: 0}
  m_GameObject: {fileID: 2854626266904273558}
  m_LocalRotation: {x: -0, y: -0, z: -0, w: 1}
  m_LocalPosition: {x: 0.231, y: 0.833, z: 0.367}
  m_LocalScale: {x: 1, y: 1, z: 1}
  m_Children: []
  m_Father: {fileID: 941623598685589550}
  m_RootOrder: 5
  m_LocalEulerAnglesHint: {x: 0, y: 0, z: 0}
--- !u!33 &4600903075734316295
MeshFilter:
  m_ObjectHideFlags: 0
  m_CorrespondingSourceObject: {fileID: 0}
  m_PrefabInstance: {fileID: 0}
  m_PrefabAsset: {fileID: 0}
  m_GameObject: {fileID: 2854626266904273558}
  m_Mesh: {fileID: -3562404873119202418, guid: 336568f54f6f52a4c8be10b2104e79cf, type: 3}
--- !u!23 &2688995800360642729
MeshRenderer:
  m_ObjectHideFlags: 0
  m_CorrespondingSourceObject: {fileID: 0}
  m_PrefabInstance: {fileID: 0}
  m_PrefabAsset: {fileID: 0}
  m_GameObject: {fileID: 2854626266904273558}
  m_Enabled: 1
  m_CastShadows: 1
  m_ReceiveShadows: 1
  m_DynamicOccludee: 1
  m_MotionVectors: 1
  m_LightProbeUsage: 1
  m_ReflectionProbeUsage: 1
  m_RayTracingMode: 2
  m_RenderingLayerMask: 1
  m_RendererPriority: 0
  m_Materials:
  - {fileID: 2100000, guid: 0d523d5176b387941bd85c7e772f1a3c, type: 2}
  m_StaticBatchInfo:
    firstSubMesh: 0
    subMeshCount: 0
  m_StaticBatchRoot: {fileID: 0}
  m_ProbeAnchor: {fileID: 0}
  m_LightProbeVolumeOverride: {fileID: 0}
  m_ScaleInLightmap: 1
  m_ReceiveGI: 1
  m_PreserveUVs: 0
  m_IgnoreNormalsForChartDetection: 0
  m_ImportantGI: 0
  m_StitchLightmapSeams: 1
  m_SelectedEditorRenderState: 3
  m_MinimumChartSize: 4
  m_AutoUVMaxDistance: 0.5
  m_AutoUVMaxAngle: 89
  m_LightmapParameters: {fileID: 0}
  m_SortingLayerID: 0
  m_SortingLayer: 0
  m_SortingOrder: 0
--- !u!65 &697874605675251758
BoxCollider:
  m_ObjectHideFlags: 0
  m_CorrespondingSourceObject: {fileID: 0}
  m_PrefabInstance: {fileID: 0}
  m_PrefabAsset: {fileID: 0}
  m_GameObject: {fileID: 2854626266904273558}
  m_Material: {fileID: 0}
  m_IsTrigger: 0
  m_Enabled: 1
  serializedVersion: 2
  m_Size: {x: 0.1687, y: 0.2552, z: 0.173}
  m_Center: {x: 0.000050000846, y: 0.1276, z: 0}
--- !u!114 &985405592775076374
MonoBehaviour:
  m_ObjectHideFlags: 0
  m_CorrespondingSourceObject: {fileID: 0}
  m_PrefabInstance: {fileID: 0}
  m_PrefabAsset: {fileID: 0}
  m_GameObject: {fileID: 2854626266904273558}
  m_Enabled: 1
  m_EditorHideFlags: 0
  m_Script: {fileID: 11500000, guid: 1b6ac860901c8c14283c7310f2661bf9, type: 3}
  m_Name: 
  m_EditorClassIdentifier: 
--- !u!54 &2169771469975233330
Rigidbody:
  m_ObjectHideFlags: 0
  m_CorrespondingSourceObject: {fileID: 0}
  m_PrefabInstance: {fileID: 0}
  m_PrefabAsset: {fileID: 0}
  m_GameObject: {fileID: 2854626266904273558}
  serializedVersion: 2
  m_Mass: 1
  m_Drag: 2
  m_AngularDrag: 2
  m_UseGravity: 1
  m_IsKinematic: 0
  m_Interpolate: 0
  m_Constraints: 0
  m_CollisionDetection: 0
--- !u!1 &3420606518193539505
GameObject:
  m_ObjectHideFlags: 0
  m_CorrespondingSourceObject: {fileID: 0}
  m_PrefabInstance: {fileID: 0}
  m_PrefabAsset: {fileID: 0}
  serializedVersion: 6
  m_Component:
  - component: {fileID: 8451292013923991570}
  - component: {fileID: 2549435502701587849}
  - component: {fileID: 3571972647851703682}
  - component: {fileID: 2199261329679191738}
  - component: {fileID: 6047121896876045825}
  - component: {fileID: 3764252783800429077}
  m_Layer: 0
  m_Name: item2
  m_TagString: Untagged
  m_Icon: {fileID: 0}
  m_NavMeshLayer: 0
  m_StaticEditorFlags: 4294967295
  m_IsActive: 1
--- !u!4 &8451292013923991570
Transform:
  m_ObjectHideFlags: 0
  m_CorrespondingSourceObject: {fileID: 0}
  m_PrefabInstance: {fileID: 0}
  m_PrefabAsset: {fileID: 0}
  m_GameObject: {fileID: 3420606518193539505}
  m_LocalRotation: {x: -0, y: -0, z: -0, w: 1}
  m_LocalPosition: {x: -0.211, y: 0.833, z: 0.367}
  m_LocalScale: {x: 1, y: 1, z: 1}
  m_Children: []
  m_Father: {fileID: 941623598685589550}
  m_RootOrder: 2
  m_LocalEulerAnglesHint: {x: 0, y: 0, z: 0}
--- !u!33 &2549435502701587849
MeshFilter:
  m_ObjectHideFlags: 0
  m_CorrespondingSourceObject: {fileID: 0}
  m_PrefabInstance: {fileID: 0}
  m_PrefabAsset: {fileID: 0}
  m_GameObject: {fileID: 3420606518193539505}
  m_Mesh: {fileID: 5476052042470906755, guid: a018b9053ea490b48894f3f940e73977, type: 3}
--- !u!23 &3571972647851703682
MeshRenderer:
  m_ObjectHideFlags: 0
  m_CorrespondingSourceObject: {fileID: 0}
  m_PrefabInstance: {fileID: 0}
  m_PrefabAsset: {fileID: 0}
  m_GameObject: {fileID: 3420606518193539505}
  m_Enabled: 1
  m_CastShadows: 1
  m_ReceiveShadows: 1
  m_DynamicOccludee: 1
  m_MotionVectors: 1
  m_LightProbeUsage: 1
  m_ReflectionProbeUsage: 1
  m_RayTracingMode: 2
  m_RenderingLayerMask: 1
  m_RendererPriority: 0
  m_Materials:
  - {fileID: 2100000, guid: 0d523d5176b387941bd85c7e772f1a3c, type: 2}
  m_StaticBatchInfo:
    firstSubMesh: 0
    subMeshCount: 0
  m_StaticBatchRoot: {fileID: 0}
  m_ProbeAnchor: {fileID: 0}
  m_LightProbeVolumeOverride: {fileID: 0}
  m_ScaleInLightmap: 1
  m_ReceiveGI: 1
  m_PreserveUVs: 0
  m_IgnoreNormalsForChartDetection: 0
  m_ImportantGI: 0
  m_StitchLightmapSeams: 1
  m_SelectedEditorRenderState: 3
  m_MinimumChartSize: 4
  m_AutoUVMaxDistance: 0.5
  m_AutoUVMaxAngle: 89
  m_LightmapParameters: {fileID: 0}
  m_SortingLayerID: 0
  m_SortingLayer: 0
  m_SortingOrder: 0
--- !u!65 &2199261329679191738
BoxCollider:
  m_ObjectHideFlags: 0
  m_CorrespondingSourceObject: {fileID: 0}
  m_PrefabInstance: {fileID: 0}
  m_PrefabAsset: {fileID: 0}
  m_GameObject: {fileID: 3420606518193539505}
  m_Material: {fileID: 0}
  m_IsTrigger: 0
  m_Enabled: 1
  serializedVersion: 2
  m_Size: {x: 0.308, y: 0.3735, z: 0.376}
  m_Center: {x: 0, y: 0.18675, z: 0}
--- !u!114 &6047121896876045825
MonoBehaviour:
  m_ObjectHideFlags: 0
  m_CorrespondingSourceObject: {fileID: 0}
  m_PrefabInstance: {fileID: 0}
  m_PrefabAsset: {fileID: 0}
  m_GameObject: {fileID: 3420606518193539505}
  m_Enabled: 1
  m_EditorHideFlags: 0
  m_Script: {fileID: 11500000, guid: 1b6ac860901c8c14283c7310f2661bf9, type: 3}
  m_Name: 
  m_EditorClassIdentifier: 
--- !u!54 &3764252783800429077
Rigidbody:
  m_ObjectHideFlags: 0
  m_CorrespondingSourceObject: {fileID: 0}
  m_PrefabInstance: {fileID: 0}
  m_PrefabAsset: {fileID: 0}
  m_GameObject: {fileID: 3420606518193539505}
  serializedVersion: 2
  m_Mass: 1
  m_Drag: 2
  m_AngularDrag: 2
  m_UseGravity: 1
  m_IsKinematic: 0
  m_Interpolate: 0
  m_Constraints: 0
  m_CollisionDetection: 0
--- !u!1 &3969601684944913300
GameObject:
  m_ObjectHideFlags: 0
  m_CorrespondingSourceObject: {fileID: 0}
  m_PrefabInstance: {fileID: 0}
  m_PrefabAsset: {fileID: 0}
  serializedVersion: 6
  m_Component:
  - component: {fileID: 7789487639292702457}
  - component: {fileID: 5412481517195470359}
  - component: {fileID: 5474985868238491779}
  - component: {fileID: 2227460419139692455}
  - component: {fileID: 688483741387215466}
  - component: {fileID: 8468047021137258414}
  m_Layer: 0
  m_Name: lockerdoor
  m_TagString: Untagged
  m_Icon: {fileID: 0}
  m_NavMeshLayer: 0
  m_StaticEditorFlags: 0
  m_IsActive: 1
--- !u!4 &7789487639292702457
Transform:
  m_ObjectHideFlags: 0
  m_CorrespondingSourceObject: {fileID: 0}
  m_PrefabInstance: {fileID: 0}
  m_PrefabAsset: {fileID: 0}
  m_GameObject: {fileID: 3969601684944913300}
  m_LocalRotation: {x: 0.03308624, y: -0, z: -0, w: 0.9994525}
  m_LocalPosition: {x: 0.016, y: 1.097, z: 0.406}
  m_LocalScale: {x: 0.96, y: 0.96, z: 0.96}
  m_Children: []
  m_Father: {fileID: 941623598685589550}
  m_RootOrder: 6
  m_LocalEulerAnglesHint: {x: 3.7920003, y: 0, z: 0}
--- !u!33 &5412481517195470359
MeshFilter:
  m_ObjectHideFlags: 0
  m_CorrespondingSourceObject: {fileID: 0}
  m_PrefabInstance: {fileID: 0}
  m_PrefabAsset: {fileID: 0}
  m_GameObject: {fileID: 3969601684944913300}
  m_Mesh: {fileID: -459068615350079747, guid: a18c0fe078e6179438202bbc699226a2, type: 3}
--- !u!23 &5474985868238491779
MeshRenderer:
  m_ObjectHideFlags: 0
  m_CorrespondingSourceObject: {fileID: 0}
  m_PrefabInstance: {fileID: 0}
  m_PrefabAsset: {fileID: 0}
  m_GameObject: {fileID: 3969601684944913300}
  m_Enabled: 1
  m_CastShadows: 1
  m_ReceiveShadows: 1
  m_DynamicOccludee: 1
  m_MotionVectors: 1
  m_LightProbeUsage: 1
  m_ReflectionProbeUsage: 1
  m_RayTracingMode: 2
  m_RenderingLayerMask: 1
  m_RendererPriority: 0
  m_Materials:
  - {fileID: 2100000, guid: 38bbfd2d12848a742b9c795e46f88219, type: 2}
  m_StaticBatchInfo:
    firstSubMesh: 0
    subMeshCount: 0
  m_StaticBatchRoot: {fileID: 0}
  m_ProbeAnchor: {fileID: 0}
  m_LightProbeVolumeOverride: {fileID: 0}
  m_ScaleInLightmap: 1
  m_ReceiveGI: 1
  m_PreserveUVs: 0
  m_IgnoreNormalsForChartDetection: 0
  m_ImportantGI: 0
  m_StitchLightmapSeams: 1
  m_SelectedEditorRenderState: 3
  m_MinimumChartSize: 4
  m_AutoUVMaxDistance: 0.5
  m_AutoUVMaxAngle: 89
  m_LightmapParameters: {fileID: 0}
  m_SortingLayerID: 0
  m_SortingLayer: 0
  m_SortingOrder: 0
--- !u!65 &2227460419139692455
BoxCollider:
  m_ObjectHideFlags: 0
  m_CorrespondingSourceObject: {fileID: 0}
  m_PrefabInstance: {fileID: 0}
  m_PrefabAsset: {fileID: 0}
  m_GameObject: {fileID: 3969601684944913300}
  m_Material: {fileID: 0}
  m_IsTrigger: 0
  m_Enabled: 1
  serializedVersion: 2
  m_Size: {x: 0.4244, y: 2.0376, z: 0.06}
  m_Center: {x: 0, y: 0, z: 0}
--- !u!54 &688483741387215466
Rigidbody:
  m_ObjectHideFlags: 0
  m_CorrespondingSourceObject: {fileID: 0}
  m_PrefabInstance: {fileID: 0}
  m_PrefabAsset: {fileID: 0}
  m_GameObject: {fileID: 3969601684944913300}
  serializedVersion: 2
  m_Mass: 1
  m_Drag: 6
  m_AngularDrag: 6
  m_UseGravity: 1
  m_IsKinematic: 0
  m_Interpolate: 0
  m_Constraints: 0
  m_CollisionDetection: 0
--- !u!114 &8468047021137258414
MonoBehaviour:
  m_ObjectHideFlags: 0
  m_CorrespondingSourceObject: {fileID: 0}
  m_PrefabInstance: {fileID: 0}
  m_PrefabAsset: {fileID: 0}
  m_GameObject: {fileID: 3969601684944913300}
  m_Enabled: 1
  m_EditorHideFlags: 0
  m_Script: {fileID: 11500000, guid: 1b6ac860901c8c14283c7310f2661bf9, type: 3}
  m_Name: 
  m_EditorClassIdentifier: 
--- !u!1 &5868518590989456341
GameObject:
  m_ObjectHideFlags: 0
  m_CorrespondingSourceObject: {fileID: 0}
  m_PrefabInstance: {fileID: 0}
  m_PrefabAsset: {fileID: 0}
  serializedVersion: 6
  m_Component:
  - component: {fileID: 941623598685589550}
  m_Layer: 0
  m_Name: broken
  m_TagString: Untagged
  m_Icon: {fileID: 0}
  m_NavMeshLayer: 0
  m_StaticEditorFlags: 0
  m_IsActive: 0
--- !u!4 &941623598685589550
Transform:
  m_ObjectHideFlags: 0
  m_CorrespondingSourceObject: {fileID: 0}
  m_PrefabInstance: {fileID: 0}
  m_PrefabAsset: {fileID: 0}
  m_GameObject: {fileID: 5868518590989456341}
  m_LocalRotation: {x: 0, y: 0, z: 0, w: 1}
  m_LocalPosition: {x: 0, y: 0, z: 0}
  m_LocalScale: {x: 1, y: 1, z: 1}
  m_Children:
  - {fileID: 362457405583617828}
  - {fileID: 5192670557411221005}
  - {fileID: 8451292013923991570}
  - {fileID: 1512032482135257728}
  - {fileID: 8567310993590920083}
  - {fileID: 3671159451120139046}
  - {fileID: 7789487639292702457}
  m_Father: {fileID: 6652106082081731672}
  m_RootOrder: 1
  m_LocalEulerAnglesHint: {x: 0, y: 0, z: 0}
--- !u!1001 &159584068132164323
PrefabInstance:
  m_ObjectHideFlags: 0
  serializedVersion: 2
  m_Modification:
    m_TransformParent: {fileID: 4148233046421839409}
    m_Modifications:
    - target: {fileID: 2257771543021258193, guid: 1c58d9bc6d480ff4fb7fc8fa02f2eced,
        type: 3}
      propertyPath: m_Name
      value: DialogueHolder
      objectReference: {fileID: 0}
    - target: {fileID: 2257771543021258193, guid: 1c58d9bc6d480ff4fb7fc8fa02f2eced,
        type: 3}
      propertyPath: m_Layer
      value: 0
      objectReference: {fileID: 0}
    - target: {fileID: 2257771543021258194, guid: 1c58d9bc6d480ff4fb7fc8fa02f2eced,
        type: 3}
      propertyPath: m_RootOrder
      value: 1
      objectReference: {fileID: 0}
    - target: {fileID: 2257771543021258194, guid: 1c58d9bc6d480ff4fb7fc8fa02f2eced,
        type: 3}
      propertyPath: m_LocalPosition.x
      value: 0
      objectReference: {fileID: 0}
    - target: {fileID: 2257771543021258194, guid: 1c58d9bc6d480ff4fb7fc8fa02f2eced,
        type: 3}
      propertyPath: m_LocalPosition.y
      value: 0
      objectReference: {fileID: 0}
    - target: {fileID: 2257771543021258194, guid: 1c58d9bc6d480ff4fb7fc8fa02f2eced,
        type: 3}
      propertyPath: m_LocalPosition.z
      value: 0
      objectReference: {fileID: 0}
    - target: {fileID: 2257771543021258194, guid: 1c58d9bc6d480ff4fb7fc8fa02f2eced,
        type: 3}
      propertyPath: m_LocalRotation.w
      value: 1
      objectReference: {fileID: 0}
    - target: {fileID: 2257771543021258194, guid: 1c58d9bc6d480ff4fb7fc8fa02f2eced,
        type: 3}
      propertyPath: m_LocalRotation.x
      value: -0
      objectReference: {fileID: 0}
    - target: {fileID: 2257771543021258194, guid: 1c58d9bc6d480ff4fb7fc8fa02f2eced,
        type: 3}
      propertyPath: m_LocalRotation.y
      value: -0
      objectReference: {fileID: 0}
    - target: {fileID: 2257771543021258194, guid: 1c58d9bc6d480ff4fb7fc8fa02f2eced,
        type: 3}
      propertyPath: m_LocalRotation.z
      value: -0
      objectReference: {fileID: 0}
    - target: {fileID: 2257771543021258194, guid: 1c58d9bc6d480ff4fb7fc8fa02f2eced,
        type: 3}
      propertyPath: m_LocalEulerAnglesHint.x
      value: 0
      objectReference: {fileID: 0}
    - target: {fileID: 2257771543021258194, guid: 1c58d9bc6d480ff4fb7fc8fa02f2eced,
        type: 3}
      propertyPath: m_LocalEulerAnglesHint.y
      value: 0
      objectReference: {fileID: 0}
    - target: {fileID: 2257771543021258194, guid: 1c58d9bc6d480ff4fb7fc8fa02f2eced,
        type: 3}
      propertyPath: m_LocalEulerAnglesHint.z
      value: 0
      objectReference: {fileID: 0}
    - target: {fileID: 2257771543266152534, guid: 1c58d9bc6d480ff4fb7fc8fa02f2eced,
        type: 3}
      propertyPath: m_Layer
      value: 5
      objectReference: {fileID: 0}
    - target: {fileID: 2257771543540675414, guid: 1c58d9bc6d480ff4fb7fc8fa02f2eced,
        type: 3}
      propertyPath: m_Layer
      value: 5
      objectReference: {fileID: 0}
    - target: {fileID: 2257771543563994257, guid: 1c58d9bc6d480ff4fb7fc8fa02f2eced,
        type: 3}
      propertyPath: m_Layer
      value: 5
      objectReference: {fileID: 0}
    - target: {fileID: 2257771543563994259, guid: 1c58d9bc6d480ff4fb7fc8fa02f2eced,
        type: 3}
      propertyPath: m_Controller
      value: 
      objectReference: {fileID: 0}
    - target: {fileID: 2257771544116163710, guid: 1c58d9bc6d480ff4fb7fc8fa02f2eced,
        type: 3}
      propertyPath: m_LocalPosition.z
      value: 0
      objectReference: {fileID: 0}
    - target: {fileID: 2257771544116163711, guid: 1c58d9bc6d480ff4fb7fc8fa02f2eced,
        type: 3}
      propertyPath: m_Layer
      value: 5
      objectReference: {fileID: 0}
    - target: {fileID: 2257771544206264672, guid: 1c58d9bc6d480ff4fb7fc8fa02f2eced,
        type: 3}
      propertyPath: m_Layer
      value: 5
      objectReference: {fileID: 0}
    - target: {fileID: 2257771544363136634, guid: 1c58d9bc6d480ff4fb7fc8fa02f2eced,
        type: 3}
      propertyPath: m_Layer
      value: 5
      objectReference: {fileID: 0}
    - target: {fileID: 2257771544621212000, guid: 1c58d9bc6d480ff4fb7fc8fa02f2eced,
        type: 3}
      propertyPath: m_Layer
      value: 5
      objectReference: {fileID: 0}
    - target: {fileID: 2257771544621212003, guid: 1c58d9bc6d480ff4fb7fc8fa02f2eced,
        type: 3}
      propertyPath: m_Controller
      value: 
      objectReference: {fileID: 0}
    m_RemovedComponents: []
  m_SourcePrefab: {fileID: 100100000, guid: 1c58d9bc6d480ff4fb7fc8fa02f2eced, type: 3}
--- !u!4 &2117751328218339121 stripped
Transform:
  m_CorrespondingSourceObject: {fileID: 2257771543021258194, guid: 1c58d9bc6d480ff4fb7fc8fa02f2eced,
    type: 3}
  m_PrefabInstance: {fileID: 159584068132164323}
  m_PrefabAsset: {fileID: 0}
--- !u!114 &2117751328218339120 stripped
MonoBehaviour:
  m_CorrespondingSourceObject: {fileID: 2257771543021258195, guid: 1c58d9bc6d480ff4fb7fc8fa02f2eced,
    type: 3}
  m_PrefabInstance: {fileID: 159584068132164323}
  m_PrefabAsset: {fileID: 0}
  m_GameObject: {fileID: 0}
  m_Enabled: 1
  m_EditorHideFlags: 0
  m_Script: {fileID: 11500000, guid: 565fd263440bd45fa9ba0925c60f54f9, type: 3}
  m_Name: 
  m_EditorClassIdentifier: 
--- !u!1001 &183816811156342991
PrefabInstance:
  m_ObjectHideFlags: 0
  serializedVersion: 2
  m_Modification:
    m_TransformParent: {fileID: 941623598685589550}
    m_Modifications:
    - target: {fileID: -8679921383154817045, guid: 5911f01740096a44bb1628ec65cffcb3,
        type: 3}
      propertyPath: m_RootOrder
      value: 0
      objectReference: {fileID: 0}
    - target: {fileID: -8679921383154817045, guid: 5911f01740096a44bb1628ec65cffcb3,
        type: 3}
      propertyPath: m_LocalPosition.x
      value: 0
      objectReference: {fileID: 0}
    - target: {fileID: -8679921383154817045, guid: 5911f01740096a44bb1628ec65cffcb3,
        type: 3}
      propertyPath: m_LocalPosition.y
      value: 0
      objectReference: {fileID: 0}
    - target: {fileID: -8679921383154817045, guid: 5911f01740096a44bb1628ec65cffcb3,
        type: 3}
      propertyPath: m_LocalPosition.z
      value: 0
      objectReference: {fileID: 0}
    - target: {fileID: -8679921383154817045, guid: 5911f01740096a44bb1628ec65cffcb3,
        type: 3}
      propertyPath: m_LocalRotation.w
      value: 1
      objectReference: {fileID: 0}
    - target: {fileID: -8679921383154817045, guid: 5911f01740096a44bb1628ec65cffcb3,
        type: 3}
      propertyPath: m_LocalRotation.x
      value: -0
      objectReference: {fileID: 0}
    - target: {fileID: -8679921383154817045, guid: 5911f01740096a44bb1628ec65cffcb3,
        type: 3}
      propertyPath: m_LocalRotation.y
      value: -0
      objectReference: {fileID: 0}
    - target: {fileID: -8679921383154817045, guid: 5911f01740096a44bb1628ec65cffcb3,
        type: 3}
      propertyPath: m_LocalRotation.z
      value: -0
      objectReference: {fileID: 0}
    - target: {fileID: -8679921383154817045, guid: 5911f01740096a44bb1628ec65cffcb3,
        type: 3}
      propertyPath: m_LocalEulerAnglesHint.x
      value: 0
      objectReference: {fileID: 0}
    - target: {fileID: -8679921383154817045, guid: 5911f01740096a44bb1628ec65cffcb3,
        type: 3}
      propertyPath: m_LocalEulerAnglesHint.y
      value: 0
      objectReference: {fileID: 0}
    - target: {fileID: -8679921383154817045, guid: 5911f01740096a44bb1628ec65cffcb3,
        type: 3}
      propertyPath: m_LocalEulerAnglesHint.z
      value: 0
      objectReference: {fileID: 0}
    - target: {fileID: -7629567867842270925, guid: 5911f01740096a44bb1628ec65cffcb3,
        type: 3}
      propertyPath: m_Layer
      value: 28
      objectReference: {fileID: 0}
    - target: {fileID: 919132149155446097, guid: 5911f01740096a44bb1628ec65cffcb3,
        type: 3}
      propertyPath: m_Name
      value: locker02_destroyed
      objectReference: {fileID: 0}
    - target: {fileID: 2881533598056694949, guid: 5911f01740096a44bb1628ec65cffcb3,
        type: 3}
      propertyPath: m_Materials.Array.data[0]
      value: 
      objectReference: {fileID: 2100000, guid: 7d7c44785d6c0894d9917f7eeb457300, type: 2}
    m_RemovedComponents: []
  m_SourcePrefab: {fileID: 100100000, guid: 5911f01740096a44bb1628ec65cffcb3, type: 3}
--- !u!1 &1482625566518469116 stripped
GameObject:
  m_CorrespondingSourceObject: {fileID: -7629567867842270925, guid: 5911f01740096a44bb1628ec65cffcb3,
    type: 3}
  m_PrefabInstance: {fileID: 183816811156342991}
  m_PrefabAsset: {fileID: 0}
--- !u!4 &362457405583617828 stripped
Transform:
  m_CorrespondingSourceObject: {fileID: -8679921383154817045, guid: 5911f01740096a44bb1628ec65cffcb3,
    type: 3}
  m_PrefabInstance: {fileID: 183816811156342991}
  m_PrefabAsset: {fileID: 0}
--- !u!1 &1030310271022085534 stripped
GameObject:
  m_CorrespondingSourceObject: {fileID: 919132149155446097, guid: 5911f01740096a44bb1628ec65cffcb3,
    type: 3}
  m_PrefabInstance: {fileID: 183816811156342991}
  m_PrefabAsset: {fileID: 0}
--- !u!1001 &1574970067325218244
PrefabInstance:
  m_ObjectHideFlags: 0
  serializedVersion: 2
  m_Modification:
    m_TransformParent: {fileID: 941623598685589550}
    m_Modifications:
    - target: {fileID: 4779283977672026613, guid: a344c17c8422b974bb8e02e5ff6d971d,
        type: 3}
      propertyPath: m_Name
      value: Spawner [AMMO] Vending
      objectReference: {fileID: 0}
    - target: {fileID: 5224962637177667354, guid: a344c17c8422b974bb8e02e5ff6d971d,
        type: 3}
      propertyPath: spawnOnAwake
      value: 1
      objectReference: {fileID: 0}
    - target: {fileID: 5224962637177667354, guid: a344c17c8422b974bb8e02e5ff6d971d,
        type: 3}
      propertyPath: spawnables.Array.data[3].spawnRate
      value: 50
      objectReference: {fileID: 0}
    - target: {fileID: 6758628374533043145, guid: a344c17c8422b974bb8e02e5ff6d971d,
        type: 3}
      propertyPath: m_RootOrder
      value: 1
      objectReference: {fileID: 0}
    - target: {fileID: 6758628374533043145, guid: a344c17c8422b974bb8e02e5ff6d971d,
        type: 3}
      propertyPath: m_LocalPosition.x
      value: 0
      objectReference: {fileID: 0}
    - target: {fileID: 6758628374533043145, guid: a344c17c8422b974bb8e02e5ff6d971d,
        type: 3}
      propertyPath: m_LocalPosition.y
      value: 0.967
      objectReference: {fileID: 0}
    - target: {fileID: 6758628374533043145, guid: a344c17c8422b974bb8e02e5ff6d971d,
        type: 3}
      propertyPath: m_LocalPosition.z
      value: 0.409
      objectReference: {fileID: 0}
    - target: {fileID: 6758628374533043145, guid: a344c17c8422b974bb8e02e5ff6d971d,
        type: 3}
      propertyPath: m_LocalRotation.w
      value: 1
      objectReference: {fileID: 0}
    - target: {fileID: 6758628374533043145, guid: a344c17c8422b974bb8e02e5ff6d971d,
        type: 3}
      propertyPath: m_LocalRotation.x
      value: -0
      objectReference: {fileID: 0}
    - target: {fileID: 6758628374533043145, guid: a344c17c8422b974bb8e02e5ff6d971d,
        type: 3}
      propertyPath: m_LocalRotation.y
      value: -0
      objectReference: {fileID: 0}
    - target: {fileID: 6758628374533043145, guid: a344c17c8422b974bb8e02e5ff6d971d,
        type: 3}
      propertyPath: m_LocalRotation.z
      value: -0
      objectReference: {fileID: 0}
    - target: {fileID: 6758628374533043145, guid: a344c17c8422b974bb8e02e5ff6d971d,
        type: 3}
      propertyPath: m_LocalEulerAnglesHint.x
      value: 0
      objectReference: {fileID: 0}
    - target: {fileID: 6758628374533043145, guid: a344c17c8422b974bb8e02e5ff6d971d,
        type: 3}
      propertyPath: m_LocalEulerAnglesHint.y
      value: 0
      objectReference: {fileID: 0}
    - target: {fileID: 6758628374533043145, guid: a344c17c8422b974bb8e02e5ff6d971d,
        type: 3}
      propertyPath: m_LocalEulerAnglesHint.z
      value: 0
      objectReference: {fileID: 0}
    m_RemovedComponents: []
  m_SourcePrefab: {fileID: 100100000, guid: a344c17c8422b974bb8e02e5ff6d971d, type: 3}
--- !u!4 &5192670557411221005 stripped
Transform:
  m_CorrespondingSourceObject: {fileID: 6758628374533043145, guid: a344c17c8422b974bb8e02e5ff6d971d,
    type: 3}
  m_PrefabInstance: {fileID: 1574970067325218244}
  m_PrefabAsset: {fileID: 0}
--- !u!1001 &3721585695345396291
PrefabInstance:
  m_ObjectHideFlags: 0
  serializedVersion: 2
  m_Modification:
    m_TransformParent: {fileID: 4148233046421839409}
    m_Modifications:
    - target: {fileID: 2329735485146727991, guid: 3e36012c55d7c894395fcf5f1b4cc57a,
        type: 3}
      propertyPath: m_Layer
      value: 5
      objectReference: {fileID: 0}
    - target: {fileID: 2329735485256654507, guid: 3e36012c55d7c894395fcf5f1b4cc57a,
        type: 3}
      propertyPath: m_Pivot.x
      value: 0
      objectReference: {fileID: 0}
    - target: {fileID: 2329735485256654507, guid: 3e36012c55d7c894395fcf5f1b4cc57a,
        type: 3}
      propertyPath: m_Pivot.y
      value: 0
      objectReference: {fileID: 0}
    - target: {fileID: 2329735485256654507, guid: 3e36012c55d7c894395fcf5f1b4cc57a,
        type: 3}
      propertyPath: m_RootOrder
      value: 2
      objectReference: {fileID: 0}
    - target: {fileID: 2329735485256654507, guid: 3e36012c55d7c894395fcf5f1b4cc57a,
        type: 3}
      propertyPath: m_AnchorMax.x
      value: 0
      objectReference: {fileID: 0}
    - target: {fileID: 2329735485256654507, guid: 3e36012c55d7c894395fcf5f1b4cc57a,
        type: 3}
      propertyPath: m_AnchorMax.y
      value: 0
      objectReference: {fileID: 0}
    - target: {fileID: 2329735485256654507, guid: 3e36012c55d7c894395fcf5f1b4cc57a,
        type: 3}
      propertyPath: m_AnchorMin.x
      value: 0
      objectReference: {fileID: 0}
    - target: {fileID: 2329735485256654507, guid: 3e36012c55d7c894395fcf5f1b4cc57a,
        type: 3}
      propertyPath: m_AnchorMin.y
      value: 0
      objectReference: {fileID: 0}
    - target: {fileID: 2329735485256654507, guid: 3e36012c55d7c894395fcf5f1b4cc57a,
        type: 3}
      propertyPath: m_SizeDelta.x
      value: 0
      objectReference: {fileID: 0}
    - target: {fileID: 2329735485256654507, guid: 3e36012c55d7c894395fcf5f1b4cc57a,
        type: 3}
      propertyPath: m_SizeDelta.y
      value: 0
      objectReference: {fileID: 0}
    - target: {fileID: 2329735485256654507, guid: 3e36012c55d7c894395fcf5f1b4cc57a,
        type: 3}
      propertyPath: m_LocalPosition.x
      value: 0
      objectReference: {fileID: 0}
    - target: {fileID: 2329735485256654507, guid: 3e36012c55d7c894395fcf5f1b4cc57a,
        type: 3}
      propertyPath: m_LocalPosition.y
      value: 0
      objectReference: {fileID: 0}
    - target: {fileID: 2329735485256654507, guid: 3e36012c55d7c894395fcf5f1b4cc57a,
        type: 3}
      propertyPath: m_LocalPosition.z
      value: 0
      objectReference: {fileID: 0}
    - target: {fileID: 2329735485256654507, guid: 3e36012c55d7c894395fcf5f1b4cc57a,
        type: 3}
      propertyPath: m_LocalRotation.w
      value: 1
      objectReference: {fileID: 0}
    - target: {fileID: 2329735485256654507, guid: 3e36012c55d7c894395fcf5f1b4cc57a,
        type: 3}
      propertyPath: m_LocalRotation.x
      value: -0
      objectReference: {fileID: 0}
    - target: {fileID: 2329735485256654507, guid: 3e36012c55d7c894395fcf5f1b4cc57a,
        type: 3}
      propertyPath: m_LocalRotation.y
      value: -0
      objectReference: {fileID: 0}
    - target: {fileID: 2329735485256654507, guid: 3e36012c55d7c894395fcf5f1b4cc57a,
        type: 3}
      propertyPath: m_LocalRotation.z
      value: -0
      objectReference: {fileID: 0}
    - target: {fileID: 2329735485256654507, guid: 3e36012c55d7c894395fcf5f1b4cc57a,
        type: 3}
      propertyPath: m_AnchoredPosition.x
      value: 0
      objectReference: {fileID: 0}
    - target: {fileID: 2329735485256654507, guid: 3e36012c55d7c894395fcf5f1b4cc57a,
        type: 3}
      propertyPath: m_AnchoredPosition.y
      value: 0
      objectReference: {fileID: 0}
    - target: {fileID: 2329735485256654507, guid: 3e36012c55d7c894395fcf5f1b4cc57a,
        type: 3}
      propertyPath: m_LocalEulerAnglesHint.x
      value: 0
      objectReference: {fileID: 0}
    - target: {fileID: 2329735485256654507, guid: 3e36012c55d7c894395fcf5f1b4cc57a,
        type: 3}
      propertyPath: m_LocalEulerAnglesHint.y
      value: 0
      objectReference: {fileID: 0}
    - target: {fileID: 2329735485256654507, guid: 3e36012c55d7c894395fcf5f1b4cc57a,
        type: 3}
      propertyPath: m_LocalEulerAnglesHint.z
      value: 0
      objectReference: {fileID: 0}
    - target: {fileID: 2329735485256654511, guid: 3e36012c55d7c894395fcf5f1b4cc57a,
        type: 3}
      propertyPath: m_Name
      value: CanvasInstruction
      objectReference: {fileID: 0}
    - target: {fileID: 2329735485256654511, guid: 3e36012c55d7c894395fcf5f1b4cc57a,
        type: 3}
      propertyPath: m_Layer
      value: 5
      objectReference: {fileID: 0}
    - target: {fileID: 2329735485898205097, guid: 3e36012c55d7c894395fcf5f1b4cc57a,
        type: 3}
      propertyPath: m_Controller
      value: 
      objectReference: {fileID: 0}
    - target: {fileID: 2329735485898205103, guid: 3e36012c55d7c894395fcf5f1b4cc57a,
        type: 3}
      propertyPath: m_Layer
      value: 5
      objectReference: {fileID: 0}
    m_RemovedComponents: []
  m_SourcePrefab: {fileID: 100100000, guid: 3e36012c55d7c894395fcf5f1b4cc57a, type: 3}
--- !u!224 &1437026978319602920 stripped
RectTransform:
  m_CorrespondingSourceObject: {fileID: 2329735485256654507, guid: 3e36012c55d7c894395fcf5f1b4cc57a,
    type: 3}
  m_PrefabInstance: {fileID: 3721585695345396291}
  m_PrefabAsset: {fileID: 0}
--- !u!1 &1437026978319602924 stripped
GameObject:
  m_CorrespondingSourceObject: {fileID: 2329735485256654511, guid: 3e36012c55d7c894395fcf5f1b4cc57a,
    type: 3}
  m_PrefabInstance: {fileID: 3721585695345396291}
  m_PrefabAsset: {fileID: 0}
--- !u!1001 &3960218732468347288
PrefabInstance:
  m_ObjectHideFlags: 0
  serializedVersion: 2
  m_Modification:
    m_TransformParent: {fileID: 6652106082081731672}
    m_Modifications:
    - target: {fileID: 1000011945391522, guid: 78b71003e8b357d4bbf89c8b5e5e4f0e, type: 3}
      propertyPath: m_Name
      value: SparksEffect
      objectReference: {fileID: 0}
    - target: {fileID: 4000014129045996, guid: 78b71003e8b357d4bbf89c8b5e5e4f0e, type: 3}
      propertyPath: m_RootOrder
      value: 3
      objectReference: {fileID: 0}
    - target: {fileID: 4000014129045996, guid: 78b71003e8b357d4bbf89c8b5e5e4f0e, type: 3}
      propertyPath: m_LocalScale.x
      value: 1.6895
      objectReference: {fileID: 0}
    - target: {fileID: 4000014129045996, guid: 78b71003e8b357d4bbf89c8b5e5e4f0e, type: 3}
      propertyPath: m_LocalScale.y
      value: 1.6895
      objectReference: {fileID: 0}
    - target: {fileID: 4000014129045996, guid: 78b71003e8b357d4bbf89c8b5e5e4f0e, type: 3}
      propertyPath: m_LocalScale.z
      value: 1.6895
      objectReference: {fileID: 0}
    - target: {fileID: 4000014129045996, guid: 78b71003e8b357d4bbf89c8b5e5e4f0e, type: 3}
      propertyPath: m_LocalPosition.x
      value: 0
      objectReference: {fileID: 0}
    - target: {fileID: 4000014129045996, guid: 78b71003e8b357d4bbf89c8b5e5e4f0e, type: 3}
      propertyPath: m_LocalPosition.y
      value: 1.22
      objectReference: {fileID: 0}
    - target: {fileID: 4000014129045996, guid: 78b71003e8b357d4bbf89c8b5e5e4f0e, type: 3}
      propertyPath: m_LocalPosition.z
      value: 0.23
      objectReference: {fileID: 0}
    - target: {fileID: 4000014129045996, guid: 78b71003e8b357d4bbf89c8b5e5e4f0e, type: 3}
      propertyPath: m_LocalRotation.w
      value: 0
      objectReference: {fileID: 0}
    - target: {fileID: 4000014129045996, guid: 78b71003e8b357d4bbf89c8b5e5e4f0e, type: 3}
      propertyPath: m_LocalRotation.x
      value: -0
      objectReference: {fileID: 0}
    - target: {fileID: 4000014129045996, guid: 78b71003e8b357d4bbf89c8b5e5e4f0e, type: 3}
      propertyPath: m_LocalRotation.y
      value: 1
      objectReference: {fileID: 0}
    - target: {fileID: 4000014129045996, guid: 78b71003e8b357d4bbf89c8b5e5e4f0e, type: 3}
      propertyPath: m_LocalRotation.z
      value: -0
      objectReference: {fileID: 0}
    - target: {fileID: 4000014129045996, guid: 78b71003e8b357d4bbf89c8b5e5e4f0e, type: 3}
      propertyPath: m_LocalEulerAnglesHint.x
      value: 0
      objectReference: {fileID: 0}
    - target: {fileID: 4000014129045996, guid: 78b71003e8b357d4bbf89c8b5e5e4f0e, type: 3}
      propertyPath: m_LocalEulerAnglesHint.y
      value: 180
      objectReference: {fileID: 0}
    - target: {fileID: 4000014129045996, guid: 78b71003e8b357d4bbf89c8b5e5e4f0e, type: 3}
      propertyPath: m_LocalEulerAnglesHint.z
      value: 0
      objectReference: {fileID: 0}
    - target: {fileID: 198000011677292056, guid: 78b71003e8b357d4bbf89c8b5e5e4f0e,
        type: 3}
      propertyPath: playOnAwake
      value: 0
      objectReference: {fileID: 0}
    - target: {fileID: 198000012283690144, guid: 78b71003e8b357d4bbf89c8b5e5e4f0e,
        type: 3}
      propertyPath: playOnAwake
      value: 0
      objectReference: {fileID: 0}
    - target: {fileID: 198000012368742472, guid: 78b71003e8b357d4bbf89c8b5e5e4f0e,
        type: 3}
      propertyPath: stopAction
      value: 1
      objectReference: {fileID: 0}
    - target: {fileID: 198000012368742472, guid: 78b71003e8b357d4bbf89c8b5e5e4f0e,
        type: 3}
      propertyPath: playOnAwake
      value: 0
      objectReference: {fileID: 0}
    - target: {fileID: 198000013564453862, guid: 78b71003e8b357d4bbf89c8b5e5e4f0e,
        type: 3}
      propertyPath: playOnAwake
      value: 0
      objectReference: {fileID: 0}
    m_RemovedComponents: []
  m_SourcePrefab: {fileID: 100100000, guid: 78b71003e8b357d4bbf89c8b5e5e4f0e, type: 3}
--- !u!198 &3768081333354277328 stripped
ParticleSystem:
  m_CorrespondingSourceObject: {fileID: 198000012368742472, guid: 78b71003e8b357d4bbf89c8b5e5e4f0e,
    type: 3}
  m_PrefabInstance: {fileID: 3960218732468347288}
  m_PrefabAsset: {fileID: 0}
--- !u!4 &3961953852602548340 stripped
Transform:
  m_CorrespondingSourceObject: {fileID: 4000014129045996, guid: 78b71003e8b357d4bbf89c8b5e5e4f0e,
    type: 3}
  m_PrefabInstance: {fileID: 3960218732468347288}
  m_PrefabAsset: {fileID: 0}
--- !u!1001 &4835684383131543088
PrefabInstance:
  m_ObjectHideFlags: 0
  serializedVersion: 2
  m_Modification:
    m_TransformParent: {fileID: 4148233046421839409}
    m_Modifications:
    - target: {fileID: -8679921383154817045, guid: 32a747771793fce4f9b14e3387b94085,
        type: 3}
      propertyPath: m_RootOrder
      value: 3
      objectReference: {fileID: 0}
    - target: {fileID: -8679921383154817045, guid: 32a747771793fce4f9b14e3387b94085,
        type: 3}
      propertyPath: m_LocalPosition.x
      value: 0
      objectReference: {fileID: 0}
    - target: {fileID: -8679921383154817045, guid: 32a747771793fce4f9b14e3387b94085,
        type: 3}
      propertyPath: m_LocalPosition.y
      value: 0
      objectReference: {fileID: 0}
    - target: {fileID: -8679921383154817045, guid: 32a747771793fce4f9b14e3387b94085,
        type: 3}
      propertyPath: m_LocalPosition.z
      value: 0
      objectReference: {fileID: 0}
    - target: {fileID: -8679921383154817045, guid: 32a747771793fce4f9b14e3387b94085,
        type: 3}
      propertyPath: m_LocalRotation.w
      value: 1
      objectReference: {fileID: 0}
    - target: {fileID: -8679921383154817045, guid: 32a747771793fce4f9b14e3387b94085,
        type: 3}
      propertyPath: m_LocalRotation.x
      value: -0
      objectReference: {fileID: 0}
    - target: {fileID: -8679921383154817045, guid: 32a747771793fce4f9b14e3387b94085,
        type: 3}
      propertyPath: m_LocalRotation.y
      value: -0
      objectReference: {fileID: 0}
    - target: {fileID: -8679921383154817045, guid: 32a747771793fce4f9b14e3387b94085,
        type: 3}
      propertyPath: m_LocalRotation.z
      value: -0
      objectReference: {fileID: 0}
    - target: {fileID: -8679921383154817045, guid: 32a747771793fce4f9b14e3387b94085,
        type: 3}
      propertyPath: m_LocalEulerAnglesHint.x
      value: 0
      objectReference: {fileID: 0}
    - target: {fileID: -8679921383154817045, guid: 32a747771793fce4f9b14e3387b94085,
        type: 3}
      propertyPath: m_LocalEulerAnglesHint.y
      value: 0
      objectReference: {fileID: 0}
    - target: {fileID: -8679921383154817045, guid: 32a747771793fce4f9b14e3387b94085,
        type: 3}
      propertyPath: m_LocalEulerAnglesHint.z
      value: 0
      objectReference: {fileID: 0}
    - target: {fileID: -5579085517300214441, guid: 32a747771793fce4f9b14e3387b94085,
        type: 3}
      propertyPath: m_Layer
      value: 28
      objectReference: {fileID: 0}
    - target: {fileID: -5579085517300214441, guid: 32a747771793fce4f9b14e3387b94085,
        type: 3}
      propertyPath: m_StaticEditorFlags
      value: 4294967295
      objectReference: {fileID: 0}
    - target: {fileID: -3435904470840151999, guid: 32a747771793fce4f9b14e3387b94085,
        type: 3}
      propertyPath: m_Materials.Array.data[0]
      value: 
      objectReference: {fileID: 2100000, guid: 0d523d5176b387941bd85c7e772f1a3c, type: 2}
    - target: {fileID: 919132149155446097, guid: 32a747771793fce4f9b14e3387b94085,
        type: 3}
      propertyPath: m_Name
      value: locker single
      objectReference: {fileID: 0}
    - target: {fileID: 919132149155446097, guid: 32a747771793fce4f9b14e3387b94085,
        type: 3}
      propertyPath: m_Layer
      value: 28
      objectReference: {fileID: 0}
    - target: {fileID: 919132149155446097, guid: 32a747771793fce4f9b14e3387b94085,
        type: 3}
      propertyPath: m_StaticEditorFlags
      value: 4294967295
      objectReference: {fileID: 0}
    m_RemovedComponents: []
  m_SourcePrefab: {fileID: 100100000, guid: 32a747771793fce4f9b14e3387b94085, type: 3}
--- !u!4 &4940858007401054683 stripped
Transform:
  m_CorrespondingSourceObject: {fileID: -8679921383154817045, guid: 32a747771793fce4f9b14e3387b94085,
    type: 3}
  m_PrefabInstance: {fileID: 4835684383131543088}
  m_PrefabAsset: {fileID: 0}
--- !u!1001 &8354634629586909263
PrefabInstance:
  m_ObjectHideFlags: 0
  serializedVersion: 2
  m_Modification:
    m_TransformParent: {fileID: 4148233046421839409}
    m_Modifications:
    - target: {fileID: 2526157408303857569, guid: 539c67fe423edde4bb5dff4fcde12253,
        type: 3}
      propertyPath: txtToParse
      value: 
      objectReference: {fileID: 4900000, guid: d9fdb99b29fbfd846844b610888dd961, type: 3}
    - target: {fileID: 2526157408303857569, guid: 539c67fe423edde4bb5dff4fcde12253,
        type: 3}
      propertyPath: lineToBreak
      value: 40
      objectReference: {fileID: 0}
    - target: {fileID: 2526157408303857569, guid: 539c67fe423edde4bb5dff4fcde12253,
        type: 3}
      propertyPath: lineToStart
      value: 40
      objectReference: {fileID: 0}
    - target: {fileID: 2526157408303857569, guid: 539c67fe423edde4bb5dff4fcde12253,
        type: 3}
      propertyPath: rpgtalkTarget
      value: 
      objectReference: {fileID: 2117751328218339120}
    - target: {fileID: 2526157408303857569, guid: 539c67fe423edde4bb5dff4fcde12253,
        type: 3}
      propertyPath: showWhenInteractionIsPossible.Array.data[0]
      value: 
      objectReference: {fileID: 1437026978319602924}
    - target: {fileID: 2570432909484772170, guid: 539c67fe423edde4bb5dff4fcde12253,
        type: 3}
      propertyPath: m_Layer
      value: 2
      objectReference: {fileID: 0}
    - target: {fileID: 3546897107960130560, guid: 539c67fe423edde4bb5dff4fcde12253,
        type: 3}
      propertyPath: m_Name
      value: Inspect
      objectReference: {fileID: 0}
    - target: {fileID: 3546897107960130560, guid: 539c67fe423edde4bb5dff4fcde12253,
        type: 3}
      propertyPath: m_Layer
      value: 0
      objectReference: {fileID: 0}
    - target: {fileID: 5400400303731364019, guid: 539c67fe423edde4bb5dff4fcde12253,
        type: 3}
      propertyPath: m_Size.x
      value: 0.69946456
      objectReference: {fileID: 0}
    - target: {fileID: 5400400303731364019, guid: 539c67fe423edde4bb5dff4fcde12253,
        type: 3}
      propertyPath: m_Size.y
      value: 1.9164317
      objectReference: {fileID: 0}
    - target: {fileID: 5400400303731364019, guid: 539c67fe423edde4bb5dff4fcde12253,
        type: 3}
      propertyPath: m_Size.z
      value: 0.6045937
      objectReference: {fileID: 0}
    - target: {fileID: 5400400303731364019, guid: 539c67fe423edde4bb5dff4fcde12253,
        type: 3}
      propertyPath: m_Center.x
      value: -0.001614213
      objectReference: {fileID: 0}
    - target: {fileID: 5400400303731364019, guid: 539c67fe423edde4bb5dff4fcde12253,
        type: 3}
      propertyPath: m_Center.y
      value: 1.0903987
      objectReference: {fileID: 0}
    - target: {fileID: 5400400303731364019, guid: 539c67fe423edde4bb5dff4fcde12253,
        type: 3}
      propertyPath: m_Center.z
      value: 0.18412247
      objectReference: {fileID: 0}
    - target: {fileID: 6842017315671247073, guid: 539c67fe423edde4bb5dff4fcde12253,
        type: 3}
      propertyPath: m_RootOrder
      value: 0
      objectReference: {fileID: 0}
    - target: {fileID: 6842017315671247073, guid: 539c67fe423edde4bb5dff4fcde12253,
        type: 3}
      propertyPath: m_LocalScale.x
      value: 1
      objectReference: {fileID: 0}
    - target: {fileID: 6842017315671247073, guid: 539c67fe423edde4bb5dff4fcde12253,
        type: 3}
      propertyPath: m_LocalScale.y
      value: 1
      objectReference: {fileID: 0}
    - target: {fileID: 6842017315671247073, guid: 539c67fe423edde4bb5dff4fcde12253,
        type: 3}
      propertyPath: m_LocalScale.z
      value: 1
      objectReference: {fileID: 0}
    - target: {fileID: 6842017315671247073, guid: 539c67fe423edde4bb5dff4fcde12253,
        type: 3}
      propertyPath: m_LocalPosition.x
      value: 0
      objectReference: {fileID: 0}
    - target: {fileID: 6842017315671247073, guid: 539c67fe423edde4bb5dff4fcde12253,
        type: 3}
      propertyPath: m_LocalPosition.y
      value: 0
      objectReference: {fileID: 0}
    - target: {fileID: 6842017315671247073, guid: 539c67fe423edde4bb5dff4fcde12253,
        type: 3}
      propertyPath: m_LocalPosition.z
      value: 0
      objectReference: {fileID: 0}
    - target: {fileID: 6842017315671247073, guid: 539c67fe423edde4bb5dff4fcde12253,
        type: 3}
      propertyPath: m_LocalRotation.w
      value: 1
      objectReference: {fileID: 0}
    - target: {fileID: 6842017315671247073, guid: 539c67fe423edde4bb5dff4fcde12253,
        type: 3}
      propertyPath: m_LocalRotation.x
      value: -0
      objectReference: {fileID: 0}
    - target: {fileID: 6842017315671247073, guid: 539c67fe423edde4bb5dff4fcde12253,
        type: 3}
      propertyPath: m_LocalRotation.y
      value: -0
      objectReference: {fileID: 0}
    - target: {fileID: 6842017315671247073, guid: 539c67fe423edde4bb5dff4fcde12253,
        type: 3}
      propertyPath: m_LocalRotation.z
      value: -0
      objectReference: {fileID: 0}
    - target: {fileID: 6842017315671247073, guid: 539c67fe423edde4bb5dff4fcde12253,
        type: 3}
      propertyPath: m_LocalEulerAnglesHint.x
      value: 0
      objectReference: {fileID: 0}
    - target: {fileID: 6842017315671247073, guid: 539c67fe423edde4bb5dff4fcde12253,
        type: 3}
      propertyPath: m_LocalEulerAnglesHint.y
      value: 0
      objectReference: {fileID: 0}
    - target: {fileID: 6842017315671247073, guid: 539c67fe423edde4bb5dff4fcde12253,
        type: 3}
      propertyPath: m_LocalEulerAnglesHint.z
      value: 0
      objectReference: {fileID: 0}
    m_RemovedComponents: []
  m_SourcePrefab: {fileID: 100100000, guid: 539c67fe423edde4bb5dff4fcde12253, type: 3}
--- !u!4 &3243195987218165934 stripped
Transform:
  m_CorrespondingSourceObject: {fileID: 6842017315671247073, guid: 539c67fe423edde4bb5dff4fcde12253,
    type: 3}
  m_PrefabInstance: {fileID: 8354634629586909263}
  m_PrefabAsset: {fileID: 0}
